<?xml version="1.0" encoding="UTF-8"?><catalogue>
<record><leader>     cas0 22        450 </leader><controlfield tag="001">039080676</controlfield><controlfield tag="002">50,59,63,90,200,201,204,215,222,227,229,230,232,233,408,412,418</controlfield><controlfield tag="003">https://www.sudoc.fr/039080676</controlfield><controlfield tag="004">19790215</controlfield><controlfield tag="005">20240304150452.000</controlfield><controlfield tag="006">9999</controlfield><controlfield tag="007">341720001</controlfield><controlfield tag="008">Abx3</controlfield><datafield tag="011" ind1="#" ind2="#"><subfield code="a">0142-6702</subfield><subfield code="f">0142-6702</subfield></datafield><datafield tag="033" ind1="#" ind2="#"><subfield code="a">https://catalogue.bnf.fr/ark:/12148/cb37575357n</subfield><subfield code="2">BNF</subfield><subfield code="d">20230125</subfield></datafield><datafield tag="033" ind1="#" ind2="#"><subfield code="a">https://reseau-mirabel.info/revue/titre-id/25744</subfield><subfield code="2">Mir@bel</subfield><subfield code="d">20240304</subfield></datafield><datafield tag="034" ind1=" " ind2=" "><subfield code="a">OCoLC</subfield><subfield code="0">4547163</subfield></datafield><datafield tag="035" ind1="#" ind2="#"><subfield code="a">ccn0142-6702</subfield></datafield><datafield tag="035" ind1="#" ind2="#"><subfield code="a">issn01426702</subfield></datafield><datafield tag="035" ind1="#" ind2="#"><subfield code="a">MIR_25744</subfield></datafield><datafield tag="035" ind1="#" ind2="#"><subfield code="1">418</subfield><subfield code="a">36370</subfield></datafield><datafield tag="100" ind1="#" ind2="#"><subfield code="a">19790215a19769999m  y0frey50      ba</subfield><subfield code="Y">0#</subfield><subfield code="A">1976</subfield><subfield code="D">1976-...</subfield></datafield><datafield tag="101" ind1="0" ind2="#"><subfield code="a">eng</subfield><subfield code="2">639-2</subfield></datafield><datafield tag="102" ind1="#" ind2="#"><subfield code="a">GB</subfield></datafield><datafield tag="104" ind1="#" ind2="#"><subfield code="a">m</subfield><subfield code="b">y</subfield><subfield code="c">y</subfield><subfield code="d">ba</subfield><subfield code="e">0</subfield><subfield code="f">fre</subfield></datafield><datafield tag="106" ind1="#" ind2="#"><subfield code="a">r</subfield></datafield><datafield tag="110" ind1="#" ind2="#"><subfield code="a">af|||||||u|</subfield></datafield><datafield tag="181" ind1="#" ind2="#"><subfield code="6">z01</subfield><subfield code="c">txt</subfield><subfield code="2">rdacontent</subfield></datafield><datafield tag="181" ind1="#" ind2="#"><subfield code="6">z02</subfield><subfield code="c">sti</subfield><subfield code="2">rdacontent</subfield></datafield><datafield tag="181" ind1="#" ind2="1"><subfield code="6">z01</subfield><subfield code="a">i#</subfield><subfield code="b">xxxe##</subfield></datafield><datafield tag="181" ind1="#" ind2="1"><subfield code="6">z02</subfield><subfield code="a">b#</subfield><subfield code="b">xb2e##</subfield></datafield><datafield tag="182" ind1="#" ind2="#"><subfield code="6">z01</subfield><subfield code="c">n</subfield><subfield code="2">rdamedia</subfield></datafield><datafield tag="182" ind1="#" ind2="#"><subfield code="6">z02</subfield><subfield code="c">n</subfield><subfield code="2">rdamedia</subfield></datafield><datafield tag="182" ind1="#" ind2="1"><subfield code="6">z01</subfield><subfield code="a">n</subfield></datafield><datafield tag="182" ind1="#" ind2="1"><subfield code="6">z02</subfield><subfield code="a">n</subfield></datafield><datafield tag="183" ind1="#" ind2="#"><subfield code="6">z01</subfield><subfield code="6">z02</subfield><subfield code="a">nga</subfield><subfield code="2">RDAfrCarrier</subfield></datafield><datafield tag="200" ind1="1" ind2="#"><subfield code="a">Art monthly</subfield></datafield><datafield tag="214" ind1="#" ind2="0"><subfield code="a">London</subfield><subfield code="c">Britannia Art Publications Ltd</subfield><subfield code="d">1976-</subfield></datafield><datafield tag="316" ind1="#" ind2="#"><subfield code="5">674825119:564479071</subfield><subfield code="a">HEARNUM_3_96845</subfield></datafield><datafield tag="319" ind1="#" ind2="#"><subfield code="5">751062312:221162259</subfield><subfield code="a">Reproductible</subfield></datafield><datafield tag="326" ind1="#" ind2="#"><subfield code="a">Mensuel</subfield></datafield><datafield tag="423" ind1="#" ind2="#"><subfield code="0">044838522</subfield><subfield code="t">Art monthly. Index</subfield><subfield code="x">1369-8052</subfield></datafield><datafield tag="452" ind1="#" ind2="#"><subfield code="0">188558349</subfield><subfield code="t">Art monthly (Online)</subfield><subfield code="x">2059-5255</subfield></datafield><datafield tag="530" ind1="0" ind2="#"><subfield code="a">Art monthly</subfield></datafield><datafield tag="531" ind1="#" ind2="#"><subfield code="a">Art mon.</subfield></datafield><datafield tag="606" ind1="#" ind2="#"><subfield code="3">027269302</subfield><subfield code="a">Art</subfield><subfield code="2">rameau</subfield></datafield><datafield tag="608" ind1="#" ind2="#"><subfield code="3">02724640X</subfield><subfield code="a">Périodiques</subfield><subfield code="2">rameau</subfield></datafield><datafield tag="676" ind1="#" ind2="#"><subfield code="a">700</subfield></datafield><datafield tag="680" ind1="#" ind2="#"><subfield code="a">N1</subfield></datafield><datafield tag="686" ind1="#" ind2="#"><subfield code="a">AA3080</subfield></datafield><datafield tag="801" ind1="#" ind2="3"><subfield code="a">FR</subfield><subfield code="b">Abes</subfield><subfield code="c">20240304</subfield><subfield code="g">AFNOR</subfield></datafield><datafield tag="801" ind1="#" ind2="3"><subfield code="a">FR</subfield><subfield code="b">ISSN</subfield><subfield code="c">20150901</subfield></datafield><datafield tag="802" ind1="#" ind2="#"><subfield code="a">02</subfield></datafield><datafield tag="830" ind1="#" ind2="#"><subfield code="a">Réforme Rameau Genre-Forme retro périos (ne pas supprimer)</subfield></datafield><datafield tag="930" ind1="#" ind2="#"><subfield code="5">315555245:21573433501</subfield><subfield code="b">315555245</subfield><subfield code="j">f</subfield></datafield><datafield tag="955" ind1="4" ind2="1"><subfield code="5">315555245:21573433501</subfield><subfield code="b">52</subfield><subfield code="i">1982</subfield><subfield code="b">54</subfield><subfield code="i">1982</subfield></datafield><datafield tag="955" ind1="4" ind2="1"><subfield code="5">315555245:21573433501</subfield><subfield code="b">97</subfield><subfield code="i">1986</subfield></datafield><datafield tag="955" ind1="4" ind2="1"><subfield code="5">315555245:21573433501</subfield><subfield code="b">103</subfield><subfield code="i">1987</subfield><subfield code="b">104</subfield><subfield code="i">1987</subfield></datafield><datafield tag="955" ind1="4" ind2="1"><subfield code="5">315555245:21573433501</subfield><subfield code="b">134</subfield><subfield code="i">1990</subfield><subfield code="b">135</subfield><subfield code="i">1990</subfield></datafield><datafield tag="955" ind1="4" ind2="1"><subfield code="5">315555245:21573433501</subfield><subfield code="b">198</subfield><subfield code="i">1996</subfield><subfield code="b">200</subfield><subfield code="i">1996</subfield></datafield><datafield tag="955" ind1="4" ind2="1"><subfield code="5">315555245:21573433501</subfield><subfield code="b">203</subfield><subfield code="i">1997</subfield><subfield code="b">222</subfield><subfield code="i">1998</subfield></datafield><datafield tag="955" ind1="4" ind2="1"><subfield code="5">315555245:21573433501</subfield><subfield code="b">226</subfield><subfield code="i">1999</subfield><subfield code="b">261</subfield><subfield code="i">2002</subfield></datafield><datafield tag="955" ind1="4" ind2="1"><subfield code="5">315555245:21573433501</subfield><subfield code="b">263</subfield><subfield code="i">2003</subfield><subfield code="i"/><subfield code="j"/><subfield code="k"/><subfield code="a"/><subfield code="b"/><subfield code="c"/><subfield code="r">no. 52 (1982) - no. 54  (1982) ; no. 97 (1986) ; no. 103 (1987) - no. 104  (1987) ; no. 134 (1990) - no. 135  (1990) ; no. 198 (1996) - no. 200  (1996) ; no. 203 (1997) - no. 222  (1998) ; no. 226 (1999) - no. 261  (2002) ; no. 263 (2003)-....</subfield></datafield><datafield tag="940" ind1=" " ind2=" "><subfield code="5">315555245:21573433501</subfield><subfield code="a">20041021</subfield><subfield code="b">xO</subfield></datafield><datafield tag="941" ind1=" " ind2=" "><subfield code="5">315555245:21573433501</subfield><subfield code="a">20041021</subfield><subfield code="b">17:14:16.000</subfield></datafield></record>