<record><leader>     cas0 22        450 </leader><controlfield tag="001">039198618</controlfield><controlfield tag="002">22,63,67,90,146,178,201,209,215,222,226,230,232,233,408,427,428</controlfield><controlfield tag="003">https://www.sudoc.fr/039198618</controlfield><controlfield tag="004">19840619</controlfield><controlfield tag="005">20250716111806.000</controlfield><controlfield tag="006">9999</controlfield><controlfield tag="007">751165107</controlfield><controlfield tag="008">Abx3</controlfield><datafield tag="011" ind1="#" ind2="#"><subfield code="a">0212-5633</subfield><subfield code="f">0212-5633</subfield><subfield code="z">0212-5683</subfield></datafield><datafield tag="033" ind1="#" ind2="#"><subfield code="a">https://reseau-mirabel.info/revue/titre-id/6489</subfield><subfield code="2">Mir@bel</subfield><subfield code="d">20200722</subfield></datafield><datafield tag="033" ind1="#" ind2="#"><subfield code="a">https://catalogue.bnf.fr/ark:/12148/cb37575361w</subfield><subfield code="2">BNF</subfield><subfield code="d">20230125</subfield></datafield><datafield tag="035" ind1="#" ind2="#"><subfield code="a">ccn0212-5633</subfield></datafield><datafield tag="035" ind1="#" ind2="#"><subfield code="a">issn02125633</subfield></datafield><datafield tag="035" ind1="#" ind2="#"><subfield code="a">MIR_6489</subfield></datafield><datafield tag="100" ind1="#" ind2="#"><subfield code="a">19840619a19829999u  y0frey50      ba</subfield><subfield code="Y">0#</subfield><subfield code="A">1982</subfield><subfield code="D">1982-...</subfield></datafield><datafield tag="101" ind1="0" ind2="#"><subfield code="a">spa</subfield><subfield code="a">eng</subfield><subfield code="2">639-2</subfield></datafield><datafield tag="102" ind1="#" ind2="#"><subfield code="a">ES</subfield></datafield><datafield tag="104" ind1="#" ind2="#"><subfield code="a">u</subfield><subfield code="b">y</subfield><subfield code="c">y</subfield><subfield code="d">ba</subfield><subfield code="e">0</subfield><subfield code="f">fre</subfield></datafield><datafield tag="106" ind1="#" ind2="#"><subfield code="a">r</subfield></datafield><datafield tag="110" ind1="#" ind2="#"><subfield code="a">aguzz  0uu0</subfield></datafield><datafield tag="181" ind1="#" ind2="#"><subfield code="6">z01</subfield><subfield code="c">txt</subfield><subfield code="2">rdacontent</subfield></datafield><datafield tag="181" ind1="#" ind2="1"><subfield code="6">z01</subfield><subfield code="a">i#</subfield><subfield code="b">xxxe##</subfield></datafield><datafield tag="182" ind1="#" ind2="#"><subfield code="6">z01</subfield><subfield code="c">n</subfield><subfield code="2">rdamedia</subfield></datafield><datafield tag="182" ind1="#" ind2="1"><subfield code="6">z01</subfield><subfield code="a">n</subfield></datafield><datafield tag="183" ind1="#" ind2="#"><subfield code="6">z01</subfield><subfield code="a">nga</subfield><subfield code="2">RDAfrCarrier</subfield></datafield><datafield tag="200" ind1="1" ind2="#"><subfield code="a">El Croquis</subfield><subfield code="e">de arquitectura y diseño</subfield></datafield><datafield tag="207" ind1="#" ind2="0"><subfield code="a">No.0(1982)-</subfield></datafield><datafield tag="210" ind1="#" ind2="#"><subfield code="a">El Escorial (Madrid)</subfield><subfield code="c">El Croquis</subfield><subfield code="d">1982-</subfield></datafield><datafield tag="215" ind1="#" ind2="#"><subfield code="c">Couv. et ill. en coul.</subfield><subfield code="d">34 cm</subfield></datafield><datafield tag="326" ind1="#" ind2="#"><subfield code="a">Bimestriel</subfield><subfield code="b">1988-</subfield></datafield><datafield tag="326" ind1="#" ind2="#"><subfield code="a">Trimestriel</subfield><subfield code="b">1982-1988</subfield></datafield><datafield tag="452" ind1="#" ind2="#"><subfield code="0">151984689</subfield><subfield code="t">El Croquis (Internet)</subfield><subfield code="x">2174-0356</subfield></datafield><datafield tag="530" ind1="0" ind2="#"><subfield code="a">El Croquis</subfield></datafield><datafield tag="531" ind1="#" ind2="#"><subfield code="a">Croquis</subfield></datafield><datafield tag="606" ind1="#" ind2="#"><subfield code="3">03288060X</subfield><subfield code="a">Architecture moderne</subfield><subfield code="2">rameau</subfield></datafield><datafield tag="606" ind1="#" ind2="#"><subfield code="3">027219720</subfield><subfield code="a">Architectes</subfield><subfield code="2">rameau</subfield></datafield><datafield tag="606" ind1="#" ind2="#"><subfield code="1">178</subfield><subfield code="a">Monographies d&apos;architectes</subfield><subfield code="2">CAPA</subfield></datafield><datafield tag="608" ind1="#" ind2="#"><subfield code="3">02724640X</subfield><subfield code="a">Périodique</subfield><subfield code="2">rameau</subfield></datafield><datafield tag="675" ind1="#" ind2="#"><subfield code="a">72</subfield></datafield><datafield tag="676" ind1="#" ind2="#"><subfield code="a">720</subfield></datafield><datafield tag="680" ind1="#" ind2="#"><subfield code="a">NA2</subfield></datafield><datafield tag="801" ind1="#" ind2="3"><subfield code="a">FR</subfield><subfield code="b">Abes</subfield><subfield code="c">20250716</subfield><subfield code="g">AFNOR</subfield></datafield><datafield tag="801" ind1="#" ind2="3"><subfield code="a">FR</subfield><subfield code="b">ISSN</subfield><subfield code="c">20110502</subfield></datafield><datafield tag="802" ind1="#" ind2="#"><subfield code="a">0u</subfield></datafield><datafield tag="930" ind1="#" ind2="#"><subfield code="5">315555245:22303077501</subfield><subfield code="b">315555245</subfield><subfield code="j">f</subfield></datafield><datafield tag="955" ind1="4" ind2="1"><subfield code="5">315555245:22303077501</subfield><subfield code="b">42</subfield><subfield code="i">1990</subfield></datafield><datafield tag="955" ind1="4" ind2="1"><subfield code="5">315555245:22303077501</subfield><subfield code="b">74</subfield><subfield code="i">1995</subfield></datafield><datafield tag="955" ind1="4" ind2="1"><subfield code="5">315555245:22303077501</subfield><subfield code="b">78</subfield><subfield code="i">1996</subfield><subfield code="b">80</subfield><subfield code="i">1996</subfield></datafield><datafield tag="955" ind1="4" ind2="1"><subfield code="5">315555245:22303077501</subfield><subfield code="b">83</subfield><subfield code="i">1997</subfield><subfield code="i"/><subfield code="j"/><subfield code="k"/><subfield code="a"/><subfield code="b"/><subfield code="c"/><subfield code="r">no. 42 (1990) ; no. 74 (1995) ; no. 78 (1996) - no. 80  (1996) ; no. 83 (1997)-....</subfield></datafield><datafield tag="940" ind1=" " ind2=" "><subfield code="5">315555245:22303077501</subfield><subfield code="a">20050214</subfield><subfield code="b">xF</subfield></datafield><datafield tag="941" ind1=" " ind2=" "><subfield code="5">315555245:22303077501</subfield><subfield code="a">20050214</subfield><subfield code="b">15:29:33.000</subfield></datafield></record>