<record><leader>     cas0 22        450 </leader><controlfield tag="001">039936147</controlfield><controlfield tag="002">4,5,10,12,17,18,24,25,35,37,38,39,41,45,50,56,57,59,63,67,68,72,75,80,82,90,102,126,130,167,170,173,178,180,201,209,215,222,223,226,228,229,230,232,233,414,424,427,428,432</controlfield><controlfield tag="003">https://www.sudoc.fr/039936147</controlfield><controlfield tag="004">19960402</controlfield><controlfield tag="005">20250822151535.000</controlfield><controlfield tag="006">9999</controlfield><controlfield tag="007">751165107</controlfield><controlfield tag="008">Abx3</controlfield><datafield tag="010" ind1="#" ind2="#"><subfield code="9">2-84278-551-7</subfield><subfield code="9">979-10-204-0227-1</subfield><subfield code="9">979-1-02040-309-4</subfield><subfield code="9">979-1-02040-753-5</subfield><subfield code="9">979-1-02040-759-7</subfield></datafield><datafield tag="011" ind1="#" ind2="#"><subfield code="a">1158-3207</subfield><subfield code="f">1158-3207</subfield></datafield><datafield tag="033" ind1="#" ind2="#"><subfield code="a">https://catalogue.bnf.fr/ark:/12148/cb34444986f</subfield><subfield code="2">BNF</subfield><subfield code="d">20191219</subfield></datafield><datafield tag="034" ind1=" " ind2=" "><subfield code="a">OCoLC</subfield><subfield code="0">421660006</subfield></datafield><datafield tag="035" ind1=" " ind2=" "><subfield code="a">14695727X</subfield><subfield code="9">sudoc</subfield></datafield><datafield tag="035" ind1="#" ind2="#"><subfield code="a">ccn1158-3207</subfield><subfield code="z">ccn7117/9224</subfield></datafield><datafield tag="035" ind1="#" ind2="#"><subfield code="a">Evry31271</subfield></datafield><datafield tag="035" ind1="#" ind2="#"><subfield code="a">sans issn</subfield></datafield><datafield tag="035" ind1="#" ind2="#"><subfield code="a">issn11583207</subfield></datafield><datafield tag="035" ind1="#" ind2="#"><subfield code="a">FRBNF344449860000008</subfield><subfield code="d">20231127</subfield></datafield><datafield tag="035" ind1="#" ind2="#"><subfield code="1">10</subfield><subfield code="a">484413</subfield></datafield><datafield tag="035" ind1="#" ind2="#"><subfield code="1">170</subfield><subfield code="a">484413</subfield></datafield><datafield tag="035" ind1="#" ind2="#"><subfield code="1">170</subfield><subfield code="a">484413</subfield></datafield><datafield tag="100" ind1="#" ind2="#"><subfield code="a">19960402a19849999u  y0frey50      ba</subfield><subfield code="Y">0#</subfield><subfield code="A">1984</subfield><subfield code="D">1984-...</subfield></datafield><datafield tag="101" ind1="0" ind2="#"><subfield code="a">fre</subfield><subfield code="2">639-2</subfield></datafield><datafield tag="102" ind1="#" ind2="#"><subfield code="a">FR</subfield></datafield><datafield tag="104" ind1="#" ind2="#"><subfield code="a">u</subfield><subfield code="b">y</subfield><subfield code="c">y</subfield><subfield code="d">ba</subfield><subfield code="e">0</subfield><subfield code="f">fre</subfield></datafield><datafield tag="106" ind1="#" ind2="#"><subfield code="a">r</subfield></datafield><datafield tag="110" ind1="#" ind2="#"><subfield code="a">auu||||0uu|</subfield></datafield><datafield tag="181" ind1="#" ind2="#"><subfield code="6">z01</subfield><subfield code="c">txt</subfield><subfield code="2">rdacontent</subfield></datafield><datafield tag="181" ind1="#" ind2="#"><subfield code="6">z02</subfield><subfield code="c">sti</subfield><subfield code="2">rdacontent</subfield></datafield><datafield tag="181" ind1="#" ind2="1"><subfield code="6">z01</subfield><subfield code="a">i#</subfield><subfield code="b">xxxe##</subfield></datafield><datafield tag="181" ind1="#" ind2="1"><subfield code="6">z02</subfield><subfield code="a">b#</subfield><subfield code="b">xb2e##</subfield></datafield><datafield tag="182" ind1="#" ind2="#"><subfield code="6">z01</subfield><subfield code="6">z02</subfield><subfield code="c">n</subfield><subfield code="2">rdamedia</subfield></datafield><datafield tag="182" ind1="#" ind2="1"><subfield code="6">z01</subfield><subfield code="6">z02</subfield><subfield code="a">n</subfield></datafield><datafield tag="183" ind1="#" ind2="#"><subfield code="6">z01</subfield><subfield code="6">z02</subfield><subfield code="a">nga</subfield><subfield code="2">RDAfrCarrier</subfield></datafield><datafield tag="200" ind1="1" ind2="#"><subfield code="a">Beaux-arts</subfield><subfield code="i">Hors série</subfield></datafield><datafield tag="207" ind1="#" ind2="0"><subfield code="a">[N°1] [1984]-</subfield></datafield><datafield tag="214" ind1="#" ind2="0"><subfield code="a">Levallois-Perret</subfield><subfield code="c">Nuit et jour</subfield><subfield code="d">1984-</subfield></datafield><datafield tag="214" ind1="#" ind2="0"><subfield code="a">Paris</subfield><subfield code="c">TTM. éditions</subfield></datafield><datafield tag="215" ind1="#" ind2="#"><subfield code="d">30 cm</subfield></datafield><datafield tag="300" ind1="#" ind2="#"><subfield code="a">Chaque numéro est consacré à un thème</subfield></datafield><datafield tag="312" ind1="#" ind2="#"><subfield code="a">Autre forme de titre : Beaux-arts magazine. Hors-série</subfield></datafield><datafield tag="312" ind1="#" ind2="#"><subfield code="a">Titre de certains fascicules : Beaux-arts. Hors-série. Artfaber</subfield></datafield><datafield tag="316" ind1="#" ind2="#"><subfield code="5">674825119:564679852</subfield><subfield code="a">HEARNUM_3_95478</subfield></datafield><datafield tag="421" ind1="#" ind2="#"><subfield code="t">Bigo.</subfield></datafield><datafield tag="421" ind1="#" ind2="#"><subfield code="t">Musée de la musique.</subfield></datafield><datafield tag="422" ind1="#" ind2="#"><subfield code="0">039674797</subfield><subfield code="t">Beaux-arts magazine (Levallois-Perret)</subfield><subfield code="x">0757-2271</subfield></datafield><datafield tag="451" ind1="#" ind2="#"><subfield code="0">040005259</subfield><subfield code="t">Beaux arts. Número especial</subfield><subfield code="x">1167-3249</subfield></datafield><datafield tag="451" ind1="#" ind2="#"><subfield code="0">040005232</subfield><subfield code="t">Beaux arts. Sondernummer</subfield><subfield code="x">1167-3230</subfield></datafield><datafield tag="451" ind1="#" ind2="#"><subfield code="0">040025128</subfield><subfield code="t">Beaux-arts. Special issue</subfield><subfield code="x">1169-1131</subfield></datafield><datafield tag="451" ind1="#" ind2="#"><subfield code="0">039963160</subfield><subfield code="t">Beaux-arts. Numero speciale</subfield><subfield code="x">1163-0698</subfield></datafield><datafield tag="488" ind1="#" ind2="#"><subfield code="0">040502511</subfield><subfield code="t">Grands maîtres (Paris. 199?)</subfield><subfield code="x">1274-994X</subfield></datafield><datafield tag="517" ind1="#" ind2="#"><subfield code="a">Beaux-arts magazine. Hors-série</subfield></datafield><datafield tag="517" ind1="#" ind2="#"><subfield code="a">Beaux-arts. Hors-série. Artfaber</subfield></datafield><datafield tag="530" ind1="1" ind2="#"><subfield code="a">Beaux-arts. Hors série</subfield></datafield><datafield tag="531" ind1="#" ind2="#"><subfield code="a">Beaux-arts. Hors série</subfield></datafield><datafield tag="606" ind1="#" ind2="#"><subfield code="3">027823563</subfield><subfield code="a">Histoire de l&apos;art</subfield><subfield code="2">rameau</subfield></datafield><datafield tag="606" ind1="#" ind2="#"><subfield code="3">027269302</subfield><subfield code="a">Art</subfield><subfield code="2">rameau</subfield></datafield><datafield tag="606" ind1="#" ind2="#"><subfield code="1">178</subfield><subfield code="a">Histoire de l&apos;architecture 20e et 21e siècles</subfield><subfield code="2">CAPA</subfield></datafield><datafield tag="608" ind1="#" ind2="#"><subfield code="3">02724640X</subfield><subfield code="a">Périodique</subfield><subfield code="2">rameau</subfield></datafield><datafield tag="675" ind1="#" ind2="#"><subfield code="a">7.01.09</subfield></datafield><datafield tag="675" ind1="#" ind2="#"><subfield code="a">061.4</subfield></datafield><datafield tag="676" ind1="#" ind2="#"><subfield code="a">705</subfield></datafield><datafield tag="676" ind1="#" ind2="#"><subfield code="a">700</subfield><subfield code="v">23</subfield></datafield><datafield tag="686" ind1="#" ind2="#"><subfield code="a">700</subfield><subfield code="2">Cadre de classement de la Bibliographie nationale française</subfield></datafield><datafield tag="801" ind1="#" ind2="0"><subfield code="a">FR</subfield><subfield code="b">FR-751131015</subfield><subfield code="c">19910615</subfield><subfield code="g">AFNOR</subfield><subfield code="2">intermrc</subfield></datafield><datafield tag="801" ind1="#" ind2="3"><subfield code="a">FR</subfield><subfield code="b">ISSN France</subfield><subfield code="c">20231127</subfield></datafield><datafield tag="802" ind1="#" ind2="#"><subfield code="a">07</subfield></datafield><datafield tag="830" ind1="#" ind2="#"><subfield code="a">Réforme Rameau Genre-Forme retro périos (ne pas supprimer)</subfield></datafield><datafield tag="930" ind1="#" ind2="#"><subfield code="5">315555245:22234698101</subfield><subfield code="b">315555245</subfield><subfield code="j">f</subfield></datafield><datafield tag="955" ind1="4" ind2="1"><subfield code="5">315555245:22234698101</subfield><subfield code="i">1984</subfield></datafield><datafield tag="955" ind1="4" ind2="1"><subfield code="5">315555245:22234698101</subfield><subfield code="i">1986</subfield></datafield><datafield tag="955" ind1="4" ind2="1"><subfield code="5">315555245:22234698101</subfield><subfield code="i">1989</subfield></datafield><datafield tag="955" ind1="4" ind2="1"><subfield code="5">315555245:22234698101</subfield><subfield code="i">1991</subfield></datafield><datafield tag="955" ind1="4" ind2="1"><subfield code="5">315555245:22234698101</subfield><subfield code="i">1997</subfield></datafield><datafield tag="955" ind1="4" ind2="1"><subfield code="5">315555245:22234698101</subfield><subfield code="i">1999</subfield><subfield code="i"/><subfield code="j"/><subfield code="k"/><subfield code="a"/><subfield code="b"/><subfield code="c"/><subfield code="r">(1984) ; (1986) ; (1989) ; (1991) ; (1997) ; (1999)-....</subfield></datafield><datafield tag="940" ind1=" " ind2=" "><subfield code="5">315555245:22234698101</subfield><subfield code="a">20050202</subfield><subfield code="b">xO</subfield></datafield><datafield tag="941" ind1=" " ind2=" "><subfield code="5">315555245:22234698101</subfield><subfield code="a">20050202</subfield><subfield code="b">15:06:03.000</subfield></datafield></record>