<record><leader>     cas0 22        450 </leader><controlfield tag="001">039388077</controlfield><controlfield tag="002">4,5,8,10,11,12,15,16,18,21,22,23,24,25,27,29,35,36,37,38,39,41,42,45,50,51,52,53,54,55,56,57,59,60,61,62,63,66,67,68,70,71,72,74,75,80,82,83,88,90,91,96,102,104,108,119,120,126,129,135,146,167,170,173,175,185,200,201,202,203,204,205,206,207,209,215,219,220,221,222,223,224,225,226,227,228,229,230,231,232,408,412,414,418,420,424,427,428,431</controlfield><controlfield tag="003">https://www.sudoc.fr/039388077</controlfield><controlfield tag="004">19880126</controlfield><controlfield tag="005">20250821141155.000</controlfield><controlfield tag="006">9999</controlfield><controlfield tag="007">751132102</controlfield><controlfield tag="008">Abx3</controlfield><datafield tag="011" ind1="#" ind2="#"><subfield code="a">0245-5676</subfield><subfield code="f">0245-5676</subfield></datafield><datafield tag="033" ind1="#" ind2="#"><subfield code="a">https://reseau-mirabel.info/revue/titre-id/3167</subfield><subfield code="2">Mir@bel</subfield><subfield code="d">20200715</subfield></datafield><datafield tag="033" ind1="#" ind2="#"><subfield code="a">https://catalogue.bnf.fr/ark:/12148/cb34365140d</subfield><subfield code="2">BNF</subfield><subfield code="d">20191115</subfield></datafield><datafield tag="034" ind1=" " ind2=" "><subfield code="a">OCoLC</subfield><subfield code="0">299892423</subfield></datafield><datafield tag="035" ind1="#" ind2="#"><subfield code="a">ccn0245-5676</subfield></datafield><datafield tag="035" ind1="#" ind2="#"><subfield code="a">MIR_3167</subfield></datafield><datafield tag="035" ind1="#" ind2="#"><subfield code="a">issn02455676</subfield></datafield><datafield tag="035" ind1="#" ind2="#"><subfield code="a">FRBNF343651400000004</subfield><subfield code="d">20230228</subfield></datafield><datafield tag="035" ind1="#" ind2="#"><subfield code="1">10</subfield><subfield code="a">123540</subfield></datafield><datafield tag="035" ind1="#" ind2="#"><subfield code="1">21</subfield><subfield code="a">160908</subfield></datafield><datafield tag="035" ind1="#" ind2="#"><subfield code="1">38</subfield><subfield code="a">IULY28811</subfield></datafield><datafield tag="035" ind1="#" ind2="#"><subfield code="1">54</subfield><subfield code="a">alp161346</subfield></datafield><datafield tag="035" ind1="#" ind2="#"><subfield code="1">70</subfield><subfield code="a">01-0116308</subfield></datafield><datafield tag="035" ind1="#" ind2="#"><subfield code="1">74</subfield><subfield code="a">ALP285492</subfield></datafield><datafield tag="035" ind1="#" ind2="#"><subfield code="1">75</subfield><subfield code="a">22</subfield></datafield><datafield tag="035" ind1="#" ind2="#"><subfield code="1">170</subfield><subfield code="a">123540</subfield></datafield><datafield tag="035" ind1="#" ind2="#"><subfield code="1">170</subfield><subfield code="a">123540</subfield></datafield><datafield tag="035" ind1="#" ind2="#"><subfield code="1">418</subfield><subfield code="a">36470</subfield></datafield><datafield tag="100" ind1="#" ind2="#"><subfield code="a">19880126a19809999u  y0frey50      ba</subfield><subfield code="Y">0#</subfield><subfield code="A">1980</subfield><subfield code="D">1980-...</subfield></datafield><datafield tag="101" ind1="0" ind2="#"><subfield code="a">fre</subfield><subfield code="2">639-2</subfield></datafield><datafield tag="102" ind1="#" ind2="#"><subfield code="a">FR</subfield></datafield><datafield tag="104" ind1="#" ind2="#"><subfield code="a">u</subfield><subfield code="b">y</subfield><subfield code="c">y</subfield><subfield code="d">ba</subfield><subfield code="e">0</subfield><subfield code="f">fre</subfield></datafield><datafield tag="106" ind1="#" ind2="#"><subfield code="a">r</subfield></datafield><datafield tag="110" ind1="#" ind2="#"><subfield code="a">mfazz@@0|@0</subfield></datafield><datafield tag="181" ind1="#" ind2="#"><subfield code="6">z01</subfield><subfield code="c">txt</subfield><subfield code="2">rdacontent</subfield></datafield><datafield tag="181" ind1="#" ind2="1"><subfield code="6">z01</subfield><subfield code="a">i#</subfield><subfield code="b">xxxe##</subfield></datafield><datafield tag="182" ind1="#" ind2="#"><subfield code="6">z01</subfield><subfield code="c">n</subfield><subfield code="2">rdamedia</subfield></datafield><datafield tag="182" ind1="#" ind2="1"><subfield code="6">z01</subfield><subfield code="a">n</subfield></datafield><datafield tag="183" ind1="#" ind2="#"><subfield code="6">z01</subfield><subfield code="a">nga</subfield><subfield code="2">RDAfrCarrier</subfield></datafield><datafield tag="200" ind1="1" ind2="#"><subfield code="a">Art press</subfield></datafield><datafield tag="207" ind1="#" ind2="1"><subfield code="a">N.34 (1980)-</subfield></datafield><datafield tag="214" ind1="#" ind2="0"><subfield code="a">Paris</subfield><subfield code="b">30 rue Saint-Dominique ; 75007</subfield><subfield code="c">Art press</subfield><subfield code="d">1980-</subfield></datafield><datafield tag="214" ind1="1" ind2="0"><subfield code="a">Paris</subfield><subfield code="b">8 rue François-Villon ; 75015</subfield><subfield code="c">Artpress</subfield></datafield><datafield tag="215" ind1="#" ind2="#"><subfield code="c">Couv. et ill. en coul.</subfield><subfield code="d">29 cm</subfield></datafield><datafield tag="300" ind1="#" ind2="#"><subfield code="a">Site de la revue</subfield><subfield code="u">https://www.artpress.com/</subfield></datafield><datafield tag="312" ind1="#" ind2="#"><subfield code="a">Titre d&apos;un numéro paraissant à l&apos;occasion de la Biennale Artpress des jeunes artistes à Montpellier : Artpress. Après l&apos;école</subfield></datafield><datafield tag="316" ind1="#" ind2="#"><subfield code="5">596062102:196766567</subfield><subfield code="a">(2005) 317</subfield></datafield><datafield tag="316" ind1="#" ind2="#"><subfield code="5">751065210:123674603</subfield><subfield code="a">2è cahier n°437-438 (oct-nov 2016); n°444 (mai 2017); n°450 (déc. 2017); n°459 (oct. 2018); n°468 (juil.-août 2019); n°470-471 (oct. nov. 2019); n°514 (oct.2023)</subfield></datafield><datafield tag="316" ind1="#" ind2="#"><subfield code="5">751132105:123674506</subfield><subfield code="a">Abonnements UPDI</subfield></datafield><datafield tag="319" ind1="#" ind2="#"><subfield code="5">130555109:513531599</subfield><subfield code="a">Les numéros avant 1990 sont consultables sur place</subfield></datafield><datafield tag="319" ind1="#" ind2="#"><subfield code="5">751062312:12367462X</subfield><subfield code="a">Reproductible</subfield></datafield><datafield tag="326" ind1="#" ind2="#"><subfield code="a">Mensuel</subfield><subfield code="b">1980-</subfield></datafield><datafield tag="421" ind1="#" ind2="#"><subfield code="0">102411182</subfield><subfield code="t">Art press 2</subfield><subfield code="x">1951-0578</subfield></datafield><datafield tag="421" ind1="#" ind2="#"><subfield code="0">039370232</subfield><subfield code="t">Le Narraté libérateur</subfield><subfield code="x">0242-0198</subfield></datafield><datafield tag="421" ind1="#" ind2="#"><subfield code="0">04888457X</subfield><subfield code="t">Art press plus</subfield><subfield code="x">1620-7769</subfield></datafield><datafield tag="430" ind1="#" ind2="#"><subfield code="0">037965395</subfield><subfield code="t">Art press international</subfield><subfield code="x">0397-4960</subfield></datafield><datafield tag="452" ind1="#" ind2="#"><subfield code="0">268152500</subfield><subfield code="t">Art press (En ligne)</subfield><subfield code="x">2777-2306</subfield></datafield><datafield tag="488" ind1="#" ind2="#"><subfield code="0">039826309</subfield><subfield code="t">Art press. Hors série (1980)</subfield><subfield code="x">0985-1267</subfield></datafield><datafield tag="517" ind1="#" ind2="#"><subfield code="a">Artpress. Après l&apos;école</subfield></datafield><datafield tag="517" ind1="#" ind2="#"><subfield code="a">Artpress</subfield></datafield><datafield tag="530" ind1="1" ind2="#"><subfield code="a">Art press</subfield><subfield code="b">(1980)</subfield></datafield><datafield tag="531" ind1="#" ind2="#"><subfield code="a">Art press</subfield><subfield code="b">(1980)</subfield></datafield><datafield tag="606" ind1="#" ind2="#"><subfield code="3">027269418</subfield><subfield code="a">Art</subfield><subfield code="z">20e siècle</subfield><subfield code="2">rameau</subfield></datafield><datafield tag="606" ind1="#" ind2="#"><subfield code="3">027269302</subfield><subfield code="a">Art</subfield><subfield code="3">050665391</subfield><subfield code="z">2000-....</subfield><subfield code="2">rameau</subfield></datafield><datafield tag="608" ind1="#" ind2="#"><subfield code="3">02724640X</subfield><subfield code="a">Périodique</subfield><subfield code="2">rameau</subfield></datafield><datafield tag="675" ind1="#" ind2="#"><subfield code="a">7</subfield></datafield><datafield tag="676" ind1="#" ind2="#"><subfield code="a">709</subfield><subfield code="v">23</subfield></datafield><datafield tag="676" ind1="#" ind2="#"><subfield code="a">705</subfield><subfield code="v">23</subfield></datafield><datafield tag="680" ind1="#" ind2="#"><subfield code="a">NX2</subfield></datafield><datafield tag="686" ind1="#" ind2="#"><subfield code="1">88</subfield><subfield code="a">700.5</subfield><subfield code="2">DEWBSG</subfield></datafield><datafield tag="801" ind1="#" ind2="3"><subfield code="a">FR</subfield><subfield code="b">Abes</subfield><subfield code="c">20250821</subfield><subfield code="g">AFNOR</subfield></datafield><datafield tag="801" ind1="#" ind2="0"><subfield code="a">FR</subfield><subfield code="b">FR-751131015</subfield><subfield code="c">19880126</subfield><subfield code="g">AFNOR</subfield><subfield code="2">intermrc</subfield></datafield><datafield tag="801" ind1="#" ind2="3"><subfield code="a">FR</subfield><subfield code="b">ISSN France</subfield><subfield code="c">20230228</subfield></datafield><datafield tag="802" ind1="#" ind2="#"><subfield code="a">07</subfield></datafield><datafield tag="830" ind1="#" ind2="#"><subfield code="a">Réforme Rameau Genre-Forme retro périos (ne pas supprimer)</subfield></datafield><datafield tag="930" ind1="#" ind2="#"><subfield code="5">315555245:22063905101</subfield><subfield code="b">315555245</subfield><subfield code="j">f</subfield></datafield><datafield tag="955" ind1="4" ind2="1"><subfield code="5">315555245:22063905101</subfield><subfield code="b">34</subfield><subfield code="i">1980</subfield><subfield code="b">152</subfield><subfield code="i">1990</subfield></datafield><datafield tag="955" ind1="4" ind2="1"><subfield code="5">315555245:22063905101</subfield><subfield code="b">154</subfield><subfield code="i">1991</subfield><subfield code="i"/><subfield code="j"/><subfield code="k"/><subfield code="a"/><subfield code="b"/><subfield code="c"/><subfield code="w">Lacunes</subfield><subfield code="r">no. 34 (1980) - no. 152  (1990) ; no. 154 (1991)-.... [Lacunes]</subfield></datafield><datafield tag="959" ind1="#" ind2="#"><subfield code="5">315555245:22063905101</subfield><subfield code="a">1980-1990</subfield><subfield code="r">(1980-1990) </subfield></datafield><datafield tag="940" ind1=" " ind2=" "><subfield code="5">315555245:22063905101</subfield><subfield code="a">20050105</subfield><subfield code="b">xO</subfield></datafield><datafield tag="941" ind1=" " ind2=" "><subfield code="5">315555245:22063905101</subfield><subfield code="a">20200228</subfield><subfield code="b">12:36:25.000</subfield></datafield></record>