<record><leader>     cas0 22        450 </leader><controlfield tag="001">038717808</controlfield><controlfield tag="002">4,5,8,9,10,12,15,16,18,19,21,23,24,25,27,29,30,32,36,38,45,49,50,51,53,56,57,58,60,63,67,71,74,75,84,90,102,126,167,170,178,185,200,201,202,203,204,205,206,207,209,215,220,222,223,224,226,227,228,229,230,231,232,233,412,431</controlfield><controlfield tag="003">https://www.sudoc.fr/038717808</controlfield><controlfield tag="004">19921222</controlfield><controlfield tag="005">20250505144557.000</controlfield><controlfield tag="006">9999</controlfield><controlfield tag="007">060882101</controlfield><controlfield tag="008">Abx3</controlfield><datafield tag="011" ind1="1" ind2="#"><subfield code="a">1241-0020</subfield><subfield code="f">1241-0020</subfield></datafield><datafield tag="033" ind1="#" ind2="#"><subfield code="a">https://catalogue.bnf.fr/ark:/12148/cb344565501</subfield><subfield code="2">BNF</subfield><subfield code="d">20191112</subfield></datafield><datafield tag="034" ind1=" " ind2=" "><subfield code="a">OCoLC</subfield><subfield code="0">742954977</subfield></datafield><datafield tag="035" ind1="#" ind2="#"><subfield code="a">ccn1241-0020</subfield><subfield code="z">ccn7127/5584</subfield></datafield><datafield tag="035" ind1="#" ind2="#"><subfield code="a">issn12410020</subfield></datafield><datafield tag="035" ind1="#" ind2="#"><subfield code="a">FRBNF344565500000006</subfield><subfield code="d">20250109</subfield></datafield><datafield tag="035" ind1="#" ind2="#"><subfield code="1">10</subfield><subfield code="a">407959</subfield></datafield><datafield tag="035" ind1="#" ind2="#"><subfield code="1">21</subfield><subfield code="a">1256553</subfield></datafield><datafield tag="035" ind1="#" ind2="#"><subfield code="1">24</subfield><subfield code="a">611841</subfield></datafield><datafield tag="035" ind1="#" ind2="#"><subfield code="1">75</subfield><subfield code="a">183</subfield></datafield><datafield tag="035" ind1="#" ind2="#"><subfield code="1">75</subfield><subfield code="a">183</subfield></datafield><datafield tag="035" ind1="#" ind2="#"><subfield code="1">84</subfield><subfield code="a">ALP000493359</subfield></datafield><datafield tag="100" ind1="#" ind2="#"><subfield code="a">19921222a19929999u  y0frey50      ba</subfield><subfield code="Y">0#</subfield><subfield code="A">1992</subfield><subfield code="D">1992-...</subfield></datafield><datafield tag="101" ind1="0" ind2="#"><subfield code="a">fre</subfield><subfield code="2">639-2</subfield></datafield><datafield tag="102" ind1="#" ind2="#"><subfield code="a">FR</subfield></datafield><datafield tag="104" ind1="#" ind2="#"><subfield code="a">u</subfield><subfield code="b">y</subfield><subfield code="c">y</subfield><subfield code="d">ba</subfield><subfield code="e">0</subfield><subfield code="f">fre</subfield></datafield><datafield tag="106" ind1="#" ind2="#"><subfield code="a">r</subfield></datafield><datafield tag="110" ind1="#" ind2="#"><subfield code="a">jf|z|||||||</subfield></datafield><datafield tag="181" ind1="#" ind2="#"><subfield code="6">z01</subfield><subfield code="c">txt</subfield><subfield code="2">rdacontent</subfield></datafield><datafield tag="181" ind1="#" ind2="1"><subfield code="6">z01</subfield><subfield code="a">i#</subfield><subfield code="b">xxxe##</subfield></datafield><datafield tag="182" ind1="#" ind2="#"><subfield code="6">z01</subfield><subfield code="c">n</subfield><subfield code="2">rdamedia</subfield></datafield><datafield tag="182" ind1="#" ind2="1"><subfield code="6">z01</subfield><subfield code="a">n</subfield></datafield><datafield tag="183" ind1="#" ind2="#"><subfield code="6">z01</subfield><subfield code="a">nga</subfield><subfield code="2">RDAfrCarrier</subfield></datafield><datafield tag="200" ind1="1" ind2="#"><subfield code="a">Dada</subfield></datafield><datafield tag="207" ind1="#" ind2="0"><subfield code="a">N°1(1991,dec.)-</subfield></datafield><datafield tag="210" ind1="#" ind2="#"><subfield code="a">Lyon</subfield><subfield code="b">85 rue Joliot-Curie, 69005</subfield><subfield code="c">Gemial</subfield><subfield code="d">1992-</subfield></datafield><datafield tag="210" ind1="0" ind2="#"><subfield code="a">Paris</subfield><subfield code="b">4 rue Caroline ; 75858 Cedex  17</subfield><subfield code="c">Mango presse</subfield><subfield code="d">1998-2008</subfield></datafield><datafield tag="210" ind1="1" ind2="#"><subfield code="a">Paris</subfield><subfield code="b">15 rue du Louvre, boîte 91 ; 75001</subfield><subfield code="c">Éd. Arola</subfield><subfield code="d">2009-</subfield></datafield><datafield tag="215" ind1="#" ind2="#"><subfield code="c">Ill. en coul</subfield><subfield code="d">24 cm</subfield></datafield><datafield tag="301" ind1="#" ind2="#"><subfield code="a">1261-4858 : ISSN erroné mentionné sur la publication</subfield></datafield><datafield tag="304" ind1="#" ind2="#"><subfield code="a">Mise à jour du titre : Dada : la première revue d&apos;art / [dir. publ. Hugues de Saint-Vincent]</subfield></datafield><datafield tag="304" ind1="#" ind2="#"><subfield code="a">Autre directeur de publication : Pierre-Marie Dumont ; rédateur en chef : Jean Poderos</subfield></datafield><datafield tag="304" ind1="#" ind2="#"><subfield code="a">Directeur de publication : Antoine Ullmann à partir du n° 143 (2009)</subfield></datafield><datafield tag="321" ind1="#" ind2="#"><subfield code="a">Dossiers, actualités, liste des numéros, sur le site de la revue</subfield><subfield code="u">http://revuedada.fr/dada-premiere-revue-art/</subfield></datafield><datafield tag="326" ind1="#" ind2="#"><subfield code="a">Mensuel</subfield></datafield><datafield tag="421" ind1="#" ind2="#"><subfield code="0">040374572</subfield><subfield code="t">Dada. Hors-série</subfield><subfield code="x">1261-4858</subfield></datafield><datafield tag="421" ind1="#" ind2="#"><subfield code="t">Buren</subfield></datafield><datafield tag="488" ind1="#" ind2="#"><subfield code="0">163380856</subfield><subfield code="t">Dada (Collection)</subfield><subfield code="x">2259-8340</subfield></datafield><datafield tag="488" ind1="#" ind2="#"><subfield code="0">111118417</subfield><subfield code="t">Album Dada</subfield><subfield code="x">1773-7958</subfield></datafield><datafield tag="517" ind1="#" ind2="#"><subfield code="a">Dada : la première revue d&apos;art</subfield></datafield><datafield tag="517" ind1="#" ind2="#"><subfield code="a">Dada (Paris)</subfield></datafield><datafield tag="520" ind1="1" ind2="#"><subfield code="a">Dada</subfield><subfield code="j">1998-</subfield></datafield><datafield tag="530" ind1="1" ind2="#"><subfield code="a">Dada</subfield><subfield code="b">(Lyon)</subfield></datafield><datafield tag="606" ind1="#" ind2="#"><subfield code="3">027269302</subfield><subfield code="a">Art</subfield><subfield code="2">rameau</subfield></datafield><datafield tag="606" ind1="#" ind2="#"><subfield code="1">178</subfield><subfield code="a">Philosophie et théorie</subfield><subfield code="2">CAPA</subfield></datafield><datafield tag="608" ind1="#" ind2="#"><subfield code="3">033986819</subfield><subfield code="a">Périodiques pour la jeunesse</subfield><subfield code="2">rameau</subfield></datafield><datafield tag="675" ind1="#" ind2="#"><subfield code="a">7.01/.09</subfield></datafield><datafield tag="675" ind1="#" ind2="#"><subfield code="a">7.03</subfield></datafield><datafield tag="676" ind1="#" ind2="#"><subfield code="a">700</subfield></datafield><datafield tag="676" ind1="#" ind2="#"><subfield code="a">759.066</subfield></datafield><datafield tag="676" ind1="#" ind2="#"><subfield code="a">704.083</subfield><subfield code="v">[original]</subfield></datafield><datafield tag="686" ind1="#" ind2="#"><subfield code="a">700</subfield><subfield code="2">Cadre de classement de la Bibliographie nationale française</subfield></datafield><datafield tag="701" ind1="#" ind2="1"><subfield code="R">FRBNF16812232</subfield><subfield code="a">Dumont</subfield><subfield code="b">Pierre-Marie</subfield><subfield code="4">651</subfield></datafield><datafield tag="702" ind1="#" ind2="1"><subfield code="3">095752676</subfield><subfield code="a">Poderos</subfield><subfield code="b">Jean</subfield><subfield code="f">19..-....</subfield><subfield code="4">710</subfield></datafield><datafield tag="801" ind1="#" ind2="3"><subfield code="a">FR</subfield><subfield code="b">Abes</subfield><subfield code="c">20250505</subfield><subfield code="g">AFNOR</subfield></datafield><datafield tag="801" ind1="#" ind2="0"><subfield code="a">FR</subfield><subfield code="b">FR-751131015</subfield><subfield code="c">19921222</subfield><subfield code="g">AFNOR</subfield><subfield code="2">intermrc</subfield></datafield><datafield tag="801" ind1="#" ind2="3"><subfield code="a">FR</subfield><subfield code="b">ISSN France</subfield><subfield code="c">20250109</subfield></datafield><datafield tag="802" ind1="#" ind2="#"><subfield code="a">07</subfield></datafield><datafield tag="930" ind1="#" ind2="#"><subfield code="5">315555245:22785831X01</subfield><subfield code="b">315555245</subfield><subfield code="j">f</subfield></datafield><datafield tag="955" ind1="4" ind2="1"><subfield code="5">315555245:22785831X01</subfield><subfield code="i">1995</subfield><subfield code="i"/><subfield code="j"/><subfield code="k"/><subfield code="a"/><subfield code="b"/><subfield code="c"/><subfield code="r">(1995)-....</subfield></datafield><datafield tag="940" ind1=" " ind2=" "><subfield code="5">315555245:22785831X01</subfield><subfield code="a">20050407</subfield><subfield code="b">xO</subfield></datafield><datafield tag="941" ind1=" " ind2=" "><subfield code="5">315555245:22785831X01</subfield><subfield code="a">20050407</subfield><subfield code="b">12:43:47.000</subfield></datafield></record>