<record><leader>     cas0 22        450 </leader><controlfield tag="001">040083136</controlfield><controlfield tag="002">4,5,10,12,15,17,25,35,38,39,42,45,49,51,58,59,60,62,63,67,68,72,74,75,80,82,86,88,90,91,102,106,126,167,173,174,178,200,201,204,206,207,209,215,222,223,226,228,229,230,232,233,414,424,427,428,432,440</controlfield><controlfield tag="003">https://www.sudoc.fr/040083136</controlfield><controlfield tag="004">19930615</controlfield><controlfield tag="005">20250620113315.000</controlfield><controlfield tag="006">9999</controlfield><controlfield tag="007">212312240</controlfield><controlfield tag="008">Abx3</controlfield><datafield tag="010" ind1="#" ind2="#"><subfield code="9">9782758010685</subfield><subfield code="9">9782758010678</subfield><subfield code="9">9782758010289</subfield><subfield code="9">9782758010524</subfield><subfield code="9">9782758010470</subfield><subfield code="9">9782758010753</subfield><subfield code="9">9782758011071</subfield><subfield code="9">9782758011002</subfield><subfield code="9">9782758009894</subfield><subfield code="9">9782758011200</subfield><subfield code="9">9782758011569</subfield><subfield code="9">9782758011750</subfield><subfield code="9">978-2-487762-39-8</subfield></datafield><datafield tag="011" ind1="#" ind2="#"><subfield code="a">1242-9198</subfield><subfield code="f">1242-9198</subfield></datafield><datafield tag="033" ind1="#" ind2="#"><subfield code="a">https://catalogue.bnf.fr/ark:/12148/cb409461190</subfield><subfield code="2">BNF</subfield><subfield code="d">20191115</subfield></datafield><datafield tag="034" ind1=" " ind2=" "><subfield code="a">OCoLC</subfield><subfield code="0">185329234</subfield></datafield><datafield tag="035" ind1="#" ind2="#"><subfield code="a">ccn1242-9198</subfield></datafield><datafield tag="035" ind1="#" ind2="#"><subfield code="a">issn12429198</subfield></datafield><datafield tag="035" ind1="#" ind2="#"><subfield code="a">FRBNF409461190000008</subfield><subfield code="d">20240325</subfield></datafield><datafield tag="035" ind1="#" ind2="#"><subfield code="1">10</subfield><subfield code="a">966592</subfield></datafield><datafield tag="035" ind1="#" ind2="#"><subfield code="1">82</subfield><subfield code="a">ALP775829</subfield></datafield><datafield tag="035" ind1="#" ind2="#"><subfield code="1">91</subfield><subfield code="a">ALP000616842</subfield></datafield><datafield tag="035" ind1="#" ind2="#"><subfield code="1">91</subfield><subfield code="a">ALP000616842</subfield></datafield><datafield tag="100" ind1="#" ind2="#"><subfield code="a">19930615a19889999u  y0frey50      ba</subfield><subfield code="Y">0#</subfield><subfield code="A">1988</subfield><subfield code="D">1988-...</subfield></datafield><datafield tag="101" ind1="0" ind2="#"><subfield code="a">fre</subfield><subfield code="2">639-2</subfield></datafield><datafield tag="102" ind1="#" ind2="#"><subfield code="a">FR</subfield></datafield><datafield tag="104" ind1="#" ind2="#"><subfield code="a">u</subfield><subfield code="b">y</subfield><subfield code="c">y</subfield><subfield code="d">ba</subfield><subfield code="e">0</subfield><subfield code="f">fre</subfield></datafield><datafield tag="106" ind1="#" ind2="#"><subfield code="a">r</subfield></datafield><datafield tag="110" ind1="#" ind2="#"><subfield code="a">mu|z|||||||</subfield></datafield><datafield tag="181" ind1="#" ind2="#"><subfield code="6">z01</subfield><subfield code="c">txt</subfield><subfield code="2">rdacontent</subfield></datafield><datafield tag="181" ind1="#" ind2="#"><subfield code="6">z02</subfield><subfield code="c">sti</subfield><subfield code="2">rdacontent</subfield></datafield><datafield tag="181" ind1="#" ind2="1"><subfield code="6">z01</subfield><subfield code="a">i#</subfield><subfield code="b">xxxe##</subfield></datafield><datafield tag="181" ind1="#" ind2="1"><subfield code="6">z02</subfield><subfield code="a">b#</subfield><subfield code="b">xb2e##</subfield></datafield><datafield tag="182" ind1="#" ind2="#"><subfield code="6">z01</subfield><subfield code="c">n</subfield><subfield code="2">rdamedia</subfield></datafield><datafield tag="182" ind1="#" ind2="#"><subfield code="6">z02</subfield><subfield code="c">n</subfield><subfield code="2">rdamedia</subfield></datafield><datafield tag="182" ind1="#" ind2="1"><subfield code="6">z01</subfield><subfield code="a">n</subfield></datafield><datafield tag="182" ind1="#" ind2="1"><subfield code="6">z02</subfield><subfield code="a">n</subfield></datafield><datafield tag="183" ind1="#" ind2="#"><subfield code="6">z01</subfield><subfield code="6">z02</subfield><subfield code="a">ngb</subfield><subfield code="2">RDAfrCarrier</subfield></datafield><datafield tag="200" ind1="1" ind2="#"><subfield code="a">Connaissance des arts</subfield><subfield code="i">Numéro hors-série</subfield></datafield><datafield tag="207" ind1="#" ind2="0"><subfield code="a">N° 1(1988)</subfield></datafield><datafield tag="210" ind1="#" ind2="#"><subfield code="a">Paris</subfield><subfield code="c">Société française de promotion artistique</subfield><subfield code="d">1988-</subfield></datafield><datafield tag="210" ind1="1" ind2="#"><subfield code="a">Paris</subfield><subfield code="b">51 rue Vivienne ; 75002</subfield><subfield code="c">Connaissance des arts</subfield></datafield><datafield tag="215" ind1="#" ind2="#"><subfield code="c">Ill. en noir et en coul., couv. ill. en coul</subfield><subfield code="d">29 cm</subfield></datafield><datafield tag="300" ind1="#" ind2="#"><subfield code="a">Ce supplément a été traité comme une collection par la Bibliothèque nationale  jusqu&apos;au n° 290 de 2006</subfield></datafield><datafield tag="312" ind1="#" ind2="#"><subfield code="a">Autre forme de titre : Numéro spécial de Connaissance des arts. HS</subfield></datafield><datafield tag="312" ind1="#" ind2="#"><subfield code="a">Autre forme de titre : Hors-série de Connaissance des arts</subfield></datafield><datafield tag="312" ind1="#" ind2="#"><subfield code="a">Autre forme de titre : Connaissance des arts. Numéro hors-série</subfield></datafield><datafield tag="318" ind1="#" ind2="#"><subfield code="5">940185201:825631394</subfield><subfield code="a">récollement 2023</subfield></datafield><datafield tag="319" ind1="#" ind2="#"><subfield code="5">940185201:82267212X</subfield><subfield code="a">récollement 2023</subfield></datafield><datafield tag="411" ind1="#" ind2="#"><subfield code="0">05880630X</subfield><subfield code="t">Connaissance des arts. Numéro hors-série. Le Guide</subfield><subfield code="x">1625-0117</subfield></datafield><datafield tag="421" ind1="#" ind2="#"><subfield code="t">La bibliothèque de l&apos;Institut national d&apos;histoire de l&apos;art</subfield></datafield><datafield tag="421" ind1="#" ind2="#"><subfield code="t">Chefs-d&apos;oeuvre de la galerie de minéralogie</subfield></datafield><datafield tag="421" ind1="#" ind2="#"><subfield code="t">L&apos;Hôtel de Béhague</subfield></datafield><datafield tag="422" ind1="#" ind2="#"><subfield code="0">001705792</subfield><subfield code="t">Connaissance des arts (1980)</subfield><subfield code="x">0293-9274</subfield></datafield><datafield tag="517" ind1="#" ind2="#"><subfield code="a">Numéro spécial de Connaissance des arts. HS</subfield></datafield><datafield tag="517" ind1="#" ind2="#"><subfield code="a">Hors-série de Connaissance des arts</subfield></datafield><datafield tag="517" ind1="#" ind2="#"><subfield code="a">Connaissance des arts. Numéro hors-série</subfield></datafield><datafield tag="517" ind1="#" ind2="#"><subfield code="a">Numéro spécial de Connaissance des arts. HS</subfield></datafield><datafield tag="530" ind1="1" ind2="#"><subfield code="a">Connaissance des arts. Hors-série</subfield></datafield><datafield tag="606" ind1="#" ind2="#"><subfield code="3">027269302</subfield><subfield code="a">Art</subfield><subfield code="2">rameau</subfield></datafield><datafield tag="606" ind1="#" ind2="#"><subfield code="1">178</subfield><subfield code="a">Architecture</subfield><subfield code="2">CAPA</subfield></datafield><datafield tag="608" ind1="#" ind2="#"><subfield code="3">02724640X</subfield><subfield code="a">Périodique</subfield><subfield code="2">rameau</subfield></datafield><datafield tag="675" ind1="#" ind2="#"><subfield code="a">7</subfield></datafield><datafield tag="676" ind1="#" ind2="#"><subfield code="a">709.04</subfield></datafield><datafield tag="676" ind1="#" ind2="#"><subfield code="a">709.44</subfield></datafield><datafield tag="676" ind1="#" ind2="#"><subfield code="a">700</subfield><subfield code="v">23</subfield></datafield><datafield tag="686" ind1="#" ind2="#"><subfield code="1">88</subfield><subfield code="a">705</subfield><subfield code="2">DEWBSG</subfield></datafield><datafield tag="801" ind1="#" ind2="3"><subfield code="a">FR</subfield><subfield code="b">Abes</subfield><subfield code="c">20250620</subfield><subfield code="g">AFNOR</subfield></datafield><datafield tag="801" ind1="#" ind2="0"><subfield code="a">FR</subfield><subfield code="b">FR-751131015</subfield><subfield code="c">20061123</subfield><subfield code="g">AFNOR</subfield><subfield code="2">intermrc</subfield></datafield><datafield tag="801" ind1="#" ind2="3"><subfield code="a">FR</subfield><subfield code="b">ISSN France</subfield><subfield code="c">20240325</subfield></datafield><datafield tag="802" ind1="#" ind2="#"><subfield code="a">07</subfield></datafield><datafield tag="830" ind1="#" ind2="#"><subfield code="a">Réforme Rameau Genre-Forme retro périos (ne pas supprimer)</subfield></datafield><datafield tag="930" ind1="#" ind2="#"><subfield code="5">315555245:22277834201</subfield><subfield code="b">315555245</subfield><subfield code="j">f</subfield></datafield><datafield tag="955" ind1="4" ind2="1"><subfield code="5">315555245:22277834201</subfield><subfield code="b">55</subfield><subfield code="i">1994</subfield></datafield><datafield tag="955" ind1="4" ind2="1"><subfield code="5">315555245:22277834201</subfield><subfield code="b">104</subfield><subfield code="i">1997</subfield></datafield><datafield tag="955" ind1="4" ind2="1"><subfield code="5">315555245:22277834201</subfield><subfield code="i">2000</subfield><subfield code="r">no. 55 (1994) ; no. 104 (1997) ; (2000)</subfield></datafield><datafield tag="940" ind1=" " ind2=" "><subfield code="5">315555245:22277834201</subfield><subfield code="a">20050209</subfield><subfield code="b">xF</subfield></datafield><datafield tag="941" ind1=" " ind2=" "><subfield code="5">315555245:22277834201</subfield><subfield code="a">20050209</subfield><subfield code="b">09:52:11.000</subfield></datafield></record>