<record><leader>     cas0 22        450 </leader><controlfield tag="001">039222705</controlfield><controlfield tag="002">1,4,5,8,10,12,15,16,17,18,19,21,24,27,35,36,37,38,42,45,49,50,51,52,56,57,58,59,60,61,62,63,67,68,70,72,73,75,80,82,83,84,85,88,90,91,94,95,96,98,101,102,105,106,107,108,120,124,130,133,135,137,138,146,155,157,160,161,167,168,172,180,194,200,201,202,203,204,205,206,209,210,212,214,215,217,218,219,220,221,222,223,224,225,226,227,228,229,230,231,232,233,402,414,419,421,426,428,438,439</controlfield><controlfield tag="003">https://www.sudoc.fr/039222705</controlfield><controlfield tag="004">19911107</controlfield><controlfield tag="005">20250107183253.000</controlfield><controlfield tag="006">9999</controlfield><controlfield tag="007">1999</controlfield><controlfield tag="008">Abx3</controlfield><datafield tag="011" ind1="#" ind2="#"><subfield code="a">0012-4508</subfield><subfield code="f">0012-4508</subfield><subfield code="y">0992-6178</subfield></datafield><datafield tag="033" ind1="#" ind2="#"><subfield code="a">https://catalogue.bnf.fr/ark:/12148/cb34348522w</subfield><subfield code="2">BNF</subfield><subfield code="d">20191218</subfield></datafield><datafield tag="033" ind1="#" ind2="#"><subfield code="a">https://reseau-mirabel.info/revue/titre-id/170</subfield><subfield code="2">Mir@bel</subfield><subfield code="d">20200715</subfield></datafield><datafield tag="034" ind1=" " ind2=" "><subfield code="a">OCoLC</subfield><subfield code="0">473062845</subfield></datafield><datafield tag="035" ind1=" " ind2=" "><subfield code="a">058871470</subfield><subfield code="9">sudoc</subfield></datafield><datafield tag="035" ind1="#" ind2="#"><subfield code="a">ccn0012-4508</subfield></datafield><datafield tag="035" ind1="#" ind2="#"><subfield code="a">Evry28571</subfield></datafield><datafield tag="035" ind1="#" ind2="#"><subfield code="a">issn00124508</subfield></datafield><datafield tag="035" ind1="#" ind2="#"><subfield code="a">MIR_170</subfield></datafield><datafield tag="035" ind1="#" ind2="#"><subfield code="1">10</subfield><subfield code="a">117349</subfield></datafield><datafield tag="035" ind1="#" ind2="#"><subfield code="1">21</subfield><subfield code="a">158329</subfield></datafield><datafield tag="035" ind1="#" ind2="#"><subfield code="1">24</subfield><subfield code="a">155845</subfield></datafield><datafield tag="035" ind1="#" ind2="#"><subfield code="1">38</subfield><subfield code="a">IULY60302</subfield></datafield><datafield tag="035" ind1="#" ind2="#"><subfield code="1">75</subfield><subfield code="a">167</subfield></datafield><datafield tag="035" ind1="#" ind2="#"><subfield code="1">75</subfield><subfield code="a">167</subfield></datafield><datafield tag="035" ind1="#" ind2="#"><subfield code="1">82</subfield><subfield code="a">alp183364</subfield></datafield><datafield tag="035" ind1="#" ind2="#"><subfield code="1">105</subfield><subfield code="a">19712</subfield></datafield><datafield tag="035" ind1="#" ind2="#"><subfield code="1">106</subfield><subfield code="a">alp173936</subfield></datafield><datafield tag="035" ind1="#" ind2="#"><subfield code="1">161</subfield><subfield code="a">16201</subfield></datafield><datafield tag="035" ind1="#" ind2="#"><subfield code="1">402</subfield><subfield code="a">37682</subfield></datafield><datafield tag="035" ind1="#" ind2="#"><subfield code="1">419</subfield><subfield code="a">81874</subfield></datafield><datafield tag="100" ind1="#" ind2="#"><subfield code="a">19911107b19642014k  y0frey50      ba</subfield><subfield code="Y">0#</subfield><subfield code="A">1964</subfield><subfield code="B">2014</subfield></datafield><datafield tag="101" ind1="0" ind2="#"><subfield code="a">fre</subfield><subfield code="d">eng</subfield><subfield code="d">ger</subfield><subfield code="d">spa</subfield><subfield code="2">639-2</subfield></datafield><datafield tag="102" ind1="#" ind2="#"><subfield code="a">FR</subfield></datafield><datafield tag="104" ind1="#" ind2="#"><subfield code="a">k</subfield><subfield code="b">y</subfield><subfield code="c">y</subfield><subfield code="d">ba</subfield><subfield code="e">0</subfield><subfield code="f">fre</subfield></datafield><datafield tag="106" ind1="#" ind2="#"><subfield code="a">r</subfield></datafield><datafield tag="110" ind1="#" ind2="#"><subfield code="a">ahu||||0uu|</subfield></datafield><datafield tag="181" ind1="#" ind2="#"><subfield code="6">z01</subfield><subfield code="c">txt</subfield><subfield code="2">rdacontent</subfield></datafield><datafield tag="181" ind1="#" ind2="1"><subfield code="6">z01</subfield><subfield code="a">i#</subfield><subfield code="b">xxxe##</subfield></datafield><datafield tag="182" ind1="#" ind2="#"><subfield code="6">z01</subfield><subfield code="c">n</subfield><subfield code="2">rdamedia</subfield></datafield><datafield tag="182" ind1="#" ind2="1"><subfield code="6">z01</subfield><subfield code="a">n</subfield></datafield><datafield tag="183" ind1="#" ind2="#"><subfield code="6">z01</subfield><subfield code="a">nga</subfield><subfield code="2">RDAfrCarrier</subfield></datafield><datafield tag="200" ind1="1" ind2="#"><subfield code="a">Documentaliste</subfield><subfield code="e">revue d&apos;information et de techniques documentaires</subfield><subfield code="f">Association française des documentalistes et des bibliothécaires spécialisés</subfield></datafield><datafield tag="207" ind1="#" ind2="0"><subfield code="a">(1964) - (1966)</subfield><subfield code="a">N°1 (1967) - n°4 (1968)</subfield><subfield code="a">Vol. 6, no 1 (mars 1969) - vol. 51, no. 4 (déc. 2014)</subfield></datafield><datafield tag="214" ind1="#" ind2="0"><subfield code="a">Paris</subfield><subfield code="c">Association française des documentalistes et des bibliothécaires spécialisés</subfield><subfield code="d">1964-2014</subfield></datafield><datafield tag="215" ind1="#" ind2="#"><subfield code="c">Couv. ill. en coul.</subfield><subfield code="d">28 cm</subfield></datafield><datafield tag="300" ind1="#" ind2="#"><subfield code="a">Résumés en anglais à partir de 1970 (résumés supplémentaire en allemand et espagnol à partir de 2000)</subfield></datafield><datafield tag="305" ind1="#" ind2="#"><subfield code="a">En 1964 et 1966 paraît, sans sous-titre, comme n° spécial et supplément de : &quot;ADBS informations&quot;, ISSN 0153-9132</subfield></datafield><datafield tag="305" ind1="#" ind2="#"><subfield code="a">Absorbe en janv./févr. 1976 : &quot;Sciences de l&apos;information&quot;, ISSN 0395-3858</subfield></datafield><datafield tag="317" ind1="#" ind2="#"><subfield code="5">751032301:122725700</subfield><subfield code="a">Fonds du Centre de documentation du Centre d&apos;études, de l&apos;emploi et du travail (CEET), intégration 2024</subfield></datafield><datafield tag="326" ind1="#" ind2="#"><subfield code="a">Trimestriel</subfield><subfield code="b">2008-2014</subfield></datafield><datafield tag="326" ind1="#" ind2="#"><subfield code="a">Cinq fois par an</subfield><subfield code="b">2003-2007</subfield></datafield><datafield tag="326" ind1="#" ind2="#"><subfield code="a">Trimestriel</subfield><subfield code="b">1967-2002</subfield></datafield><datafield tag="326" ind1="#" ind2="#"><subfield code="a">Annuel</subfield><subfield code="b">1964-1966</subfield></datafield><datafield tag="434" ind1="#" ind2="#"><subfield code="0">037940791</subfield><subfield code="t">Sciences de l&apos;information</subfield><subfield code="x">0395-3858</subfield></datafield><datafield tag="440" ind1="#" ind2="#"><subfield code="0">184760402</subfield><subfield code="t">I2D</subfield><subfield code="x">2428-2111</subfield></datafield><datafield tag="452" ind1="#" ind2="#"><subfield code="0">116269464</subfield><subfield code="t">Documentaliste-sciences de l&apos;information</subfield><subfield code="x">1777-5868</subfield></datafield><datafield tag="517" ind1="#" ind2="#"><subfield code="a">Documentaliste</subfield><subfield code="e">sciences de l&apos;information</subfield><subfield code="j">1976-</subfield></datafield><datafield tag="530" ind1="1" ind2="#"><subfield code="a">Documentaliste</subfield><subfield code="b">(Paris)</subfield></datafield><datafield tag="531" ind1="#" ind2="#"><subfield code="a">Documentaliste</subfield><subfield code="b">(Paris)</subfield></datafield><datafield tag="606" ind1="#" ind2="#"><subfield code="3">027287300</subfield><subfield code="a">Documentation</subfield><subfield code="2">rameau</subfield></datafield><datafield tag="606" ind1="1" ind2="#"><subfield code="3">027791343</subfield><subfield code="a">Documentalistes</subfield><subfield code="2">rameau</subfield></datafield><datafield tag="606" ind1="1" ind2="#"><subfield code="3">027656586</subfield><subfield code="a">Sciences de l&apos;information</subfield><subfield code="2">rameau</subfield></datafield><datafield tag="606" ind1="#" ind2="#"><subfield code="1">94</subfield><subfield code="a">France. Presse</subfield><subfield code="2">BDIC</subfield></datafield><datafield tag="606" ind1="#" ind2="#"><subfield code="1">94</subfield><subfield code="a">France. Association française des documentalistes et bibliothécaires spécialisés</subfield><subfield code="2">BDIC</subfield></datafield><datafield tag="608" ind1="#" ind2="#"><subfield code="3">02724640X</subfield><subfield code="a">Périodique</subfield><subfield code="2">rameau</subfield></datafield><datafield tag="675" ind1="#" ind2="#"><subfield code="a">002</subfield></datafield><datafield tag="676" ind1="#" ind2="#"><subfield code="a">020.5</subfield><subfield code="v">21</subfield><subfield code="z">fre</subfield></datafield><datafield tag="680" ind1="#" ind2="#"><subfield code="a">Z671</subfield></datafield><datafield tag="686" ind1="#" ind2="#"><subfield code="1">88</subfield><subfield code="a">020.5</subfield><subfield code="2">DEWBSG</subfield></datafield><datafield tag="710" ind1="0" ind2="2"><subfield code="3">027922537</subfield><subfield code="a">Association française des documentalistes et des bibliothécaires spécialisés</subfield><subfield code="c">1963-1994</subfield><subfield code="4">475</subfield></datafield><datafield tag="711" ind1="0" ind2="2"><subfield code="3">033563128</subfield><subfield code="a">Association des professionnels de l&apos;information et de la documentation</subfield><subfield code="c">France</subfield><subfield code="4">475</subfield></datafield><datafield tag="801" ind1="#" ind2="3"><subfield code="a">FR</subfield><subfield code="b">ISSN</subfield><subfield code="c">20150817</subfield></datafield><datafield tag="802" ind1="#" ind2="#"><subfield code="a">07</subfield></datafield><datafield tag="830" ind1="#" ind2="#"><subfield code="a">Réforme Rameau Genre-Forme retro périos (ne pas supprimer)</subfield></datafield><datafield tag="930" ind1="#" ind2="#"><subfield code="5">315555245:22804420001</subfield><subfield code="b">315555245</subfield><subfield code="j">f</subfield></datafield><datafield tag="955" ind1="4" ind2="1"><subfield code="5">315555245:22804420001</subfield><subfield code="b">1</subfield><subfield code="i">1998</subfield><subfield code="i"/><subfield code="j"/><subfield code="k"/><subfield code="a"/><subfield code="b"/><subfield code="c"/><subfield code="r">no. 1 (1998)-....</subfield></datafield><datafield tag="940" ind1=" " ind2=" "><subfield code="5">315555245:22804420001</subfield><subfield code="a">20050411</subfield><subfield code="b">xO</subfield></datafield><datafield tag="941" ind1=" " ind2=" "><subfield code="5">315555245:22804420001</subfield><subfield code="a">20050411</subfield><subfield code="b">17:06:00.000</subfield></datafield></record>