<record><leader>     cas0 22        450 </leader><controlfield tag="001">03946993X</controlfield><controlfield tag="002">4,21,22,35,45,50,59,62,63,67,83,90,102,104,108,146,173,178,190,200,201,203,204,205,206,207,209,210,215,217,219,220,222,223,224,226,228,229,230,231,232,233,408,412,414,420,427,428,431,432,440</controlfield><controlfield tag="003">https://www.sudoc.fr/03946993X</controlfield><controlfield tag="004">19821015</controlfield><controlfield tag="005">20250428155004.000</controlfield><controlfield tag="006">9999</controlfield><controlfield tag="007">693872101</controlfield><controlfield tag="008">Abx3</controlfield><datafield tag="011" ind1="#" ind2="#"><subfield code="a">0294-8567</subfield><subfield code="f">0294-8567</subfield></datafield><datafield tag="033" ind1="#" ind2="#"><subfield code="a">https://catalogue.bnf.fr/ark:/12148/cb34371858n</subfield><subfield code="2">BNF</subfield><subfield code="d">20191209</subfield></datafield><datafield tag="033" ind1="#" ind2="#"><subfield code="a">https://reseau-mirabel.info/revue/titre-id/4364</subfield><subfield code="2">Mir@bel</subfield><subfield code="d">20200710</subfield></datafield><datafield tag="034" ind1=" " ind2=" "><subfield code="a">OCoLC</subfield><subfield code="0">3782050</subfield></datafield><datafield tag="035" ind1="#" ind2="#"><subfield code="a">ccn0294-8567</subfield></datafield><datafield tag="035" ind1="#" ind2="#"><subfield code="a">issn02948567</subfield></datafield><datafield tag="035" ind1="#" ind2="#"><subfield code="a">MIR_4364</subfield></datafield><datafield tag="035" ind1="#" ind2="#"><subfield code="1">21</subfield><subfield code="a">160887</subfield></datafield><datafield tag="100" ind1="#" ind2="#"><subfield code="a">19821015b19772015m  y0frey50      ba</subfield><subfield code="Y">0#</subfield><subfield code="A">1977</subfield><subfield code="B">2015</subfield></datafield><datafield tag="101" ind1="0" ind2="#"><subfield code="a">fre</subfield><subfield code="2">639-2</subfield></datafield><datafield tag="102" ind1="#" ind2="#"><subfield code="a">FR</subfield></datafield><datafield tag="104" ind1="#" ind2="#"><subfield code="a">m</subfield><subfield code="b">y</subfield><subfield code="c">y</subfield><subfield code="d">ba</subfield><subfield code="e">0</subfield><subfield code="f">fre</subfield></datafield><datafield tag="106" ind1="#" ind2="#"><subfield code="a">r</subfield></datafield><datafield tag="110" ind1="#" ind2="#"><subfield code="a">agu||||0|||</subfield></datafield><datafield tag="181" ind1="#" ind2="#"><subfield code="6">z01</subfield><subfield code="c">txt</subfield><subfield code="2">rdacontent</subfield></datafield><datafield tag="181" ind1="#" ind2="1"><subfield code="6">z01</subfield><subfield code="a">i#</subfield><subfield code="b">xxxe##</subfield></datafield><datafield tag="182" ind1="#" ind2="#"><subfield code="6">z01</subfield><subfield code="c">n</subfield><subfield code="2">rdamedia</subfield></datafield><datafield tag="182" ind1="#" ind2="1"><subfield code="6">z01</subfield><subfield code="a">n</subfield></datafield><datafield tag="183" ind1="#" ind2="#"><subfield code="6">z01</subfield><subfield code="a">nga</subfield><subfield code="2">RDAfrCarrier</subfield></datafield><datafield tag="200" ind1="1" ind2="#"><subfield code="a">Architecture intérieure, CREE</subfield></datafield><datafield tag="207" ind1="#" ind2="0"><subfield code="a">No.158(1977) - no.372(2015)</subfield></datafield><datafield tag="210" ind1="#" ind2="#"><subfield code="a">Paris</subfield><subfield code="c">Société d&apos;édition et de presse</subfield><subfield code="d">1977-2015</subfield></datafield><datafield tag="319" ind1="#" ind2="#"><subfield code="5">330635107:414902726</subfield><subfield code="a">Les collections sont inaccesibles jusqu&apos;en 2026 en raison de travaux</subfield></datafield><datafield tag="326" ind1="#" ind2="#"><subfield code="a">Bimestriel</subfield></datafield><datafield tag="413" ind1="#" ind2="#"><subfield code="0">277211778</subfield><subfield code="t">La Villette, scénarios de l&apos;impossible</subfield><subfield code="f">Odile Fillion</subfield><subfield code="d">1980</subfield><subfield code="c">Paris</subfield><subfield code="n">Société d&apos;édition et de presse</subfield><subfield code="p">1 vol. (5 f.)</subfield></datafield><datafield tag="436" ind1="#" ind2="#"><subfield code="0">037488783</subfield><subfield code="t">Architecture intérieure</subfield><subfield code="x">0151-3672</subfield></datafield><datafield tag="436" ind1="#" ind2="#"><subfield code="0">038012642</subfield><subfield code="t">CREE. Créations et recherches esthétiques européennes</subfield><subfield code="x">0591-048X</subfield></datafield><datafield tag="440" ind1="#" ind2="#"><subfield code="0">189702346</subfield><subfield code="t">Architectures CREE</subfield><subfield code="x">2492-2137</subfield></datafield><datafield tag="517" ind1="#" ind2="#"><subfield code="a">Archicréé</subfield></datafield><datafield tag="530" ind1="0" ind2="#"><subfield code="a">Architecture intérieure, CREE</subfield></datafield><datafield tag="532" ind1="#" ind2="#"><subfield code="a">Architecture intérieure, Création et recherches esthétiques européennes</subfield></datafield><datafield tag="606" ind1="#" ind2="#"><subfield code="3">027269183</subfield><subfield code="a">Architecture</subfield><subfield code="z">20e siècle</subfield><subfield code="2">rameau</subfield></datafield><datafield tag="606" ind1="#" ind2="#"><subfield code="3">160694876</subfield><subfield code="a">Architecture</subfield><subfield code="z">21e siècle</subfield><subfield code="2">rameau</subfield></datafield><datafield tag="606" ind1="#" ind2="#"><subfield code="3">02784014X</subfield><subfield code="a">Architecture intérieure</subfield><subfield code="2">rameau</subfield></datafield><datafield tag="606" ind1="#" ind2="#"><subfield code="1">178</subfield><subfield code="a">Architecture intérieure et design</subfield><subfield code="2">CAPA</subfield></datafield><datafield tag="608" ind1="#" ind2="#"><subfield code="3">02724640X</subfield><subfield code="a">Périodique</subfield><subfield code="2">rameau</subfield></datafield><datafield tag="675" ind1="#" ind2="#"><subfield code="a">729</subfield></datafield><datafield tag="675" ind1="#" ind2="#"><subfield code="a">651.2</subfield></datafield><datafield tag="676" ind1="#" ind2="#"><subfield code="a">720</subfield></datafield><datafield tag="676" ind1="#" ind2="#"><subfield code="a">728</subfield></datafield><datafield tag="680" ind1="#" ind2="#"><subfield code="a">NA2</subfield></datafield><datafield tag="712" ind1="0" ind2="2"><subfield code="3">284535907</subfield><subfield code="a">Société d&apos;édition et de presse</subfield><subfield code="c">Paris</subfield><subfield code="c">1956-2015</subfield><subfield code="4">650</subfield></datafield><datafield tag="801" ind1="#" ind2="3"><subfield code="a">FR</subfield><subfield code="b">Abes</subfield><subfield code="c">20250428</subfield><subfield code="g">AFNOR</subfield></datafield><datafield tag="801" ind1="#" ind2="3"><subfield code="a">FR</subfield><subfield code="b">ISSN</subfield><subfield code="c">20161001</subfield></datafield><datafield tag="802" ind1="#" ind2="#"><subfield code="a">07</subfield></datafield><datafield tag="930" ind1="#" ind2="#"><subfield code="5">315555245:23478518701</subfield><subfield code="b">315555245</subfield><subfield code="j">f</subfield></datafield><datafield tag="955" ind1="4" ind2="1"><subfield code="5">315555245:23478518701</subfield><subfield code="b">218</subfield><subfield code="i">1987</subfield></datafield><datafield tag="955" ind1="4" ind2="1"><subfield code="5">315555245:23478518701</subfield><subfield code="b">230</subfield><subfield code="i">1989</subfield></datafield><datafield tag="955" ind1="4" ind2="1"><subfield code="5">315555245:23478518701</subfield><subfield code="b">237</subfield><subfield code="i">1990</subfield></datafield><datafield tag="955" ind1="4" ind2="1"><subfield code="5">315555245:23478518701</subfield><subfield code="b">239</subfield><subfield code="i">1990</subfield></datafield><datafield tag="955" ind1="4" ind2="1"><subfield code="5">315555245:23478518701</subfield><subfield code="b">301</subfield><subfield code="i">2001</subfield><subfield code="b">312</subfield><subfield code="i">2004</subfield><subfield code="r">no. 218 (1987) ; no. 230 (1989) ; no. 237 (1990) ; no. 239 (1990) ; no. 301 (2001) - no. 312  (2004)</subfield></datafield><datafield tag="940" ind1=" " ind2=" "><subfield code="5">315555245:23478518701</subfield><subfield code="a">20050623</subfield><subfield code="b">rF</subfield></datafield><datafield tag="941" ind1=" " ind2=" "><subfield code="5">315555245:23478518701</subfield><subfield code="a">20050623</subfield><subfield code="b">15:03:31.000</subfield></datafield></record>