<record><leader>     cas0 22        450 </leader><controlfield tag="001">039597474</controlfield><controlfield tag="002">15,50,51,59,63,67,80,83,90,102,146,200,201,203,204,206,209,215,219,220,222,223,224,226,227,228,229,230,232,233,412,414,418,424,427,428,431</controlfield><controlfield tag="003">https://www.sudoc.fr/039597474</controlfield><controlfield tag="004">19880108</controlfield><controlfield tag="005">20230315101351.000</controlfield><controlfield tag="006">9999</controlfield><controlfield tag="007">774682305</controlfield><controlfield tag="008">Abx3</controlfield><datafield tag="011" ind1="#" ind2="#"><subfield code="a">0394-1493</subfield><subfield code="f">0394-1493</subfield></datafield><datafield tag="033" ind1="#" ind2="#"><subfield code="a">https://catalogue.bnf.fr/ark:/12148/cb375753627</subfield><subfield code="2">BNF</subfield><subfield code="d">20230125</subfield></datafield><datafield tag="035" ind1="#" ind2="#"><subfield code="a">ccn0394-1493</subfield></datafield><datafield tag="035" ind1="#" ind2="#"><subfield code="a">issn03941493</subfield></datafield><datafield tag="035" ind1="#" ind2="#"><subfield code="1">418</subfield><subfield code="a">36429</subfield></datafield><datafield tag="100" ind1="#" ind2="#"><subfield code="a">19880108a19799999k  y0frey50      ba</subfield><subfield code="Y">0#</subfield><subfield code="A">1979</subfield><subfield code="D">1979-...</subfield></datafield><datafield tag="101" ind1="0" ind2="#"><subfield code="a">eng</subfield><subfield code="2">639-2</subfield></datafield><datafield tag="102" ind1="#" ind2="#"><subfield code="a">IT</subfield></datafield><datafield tag="104" ind1="#" ind2="#"><subfield code="a">k</subfield><subfield code="b">y</subfield><subfield code="c">y</subfield><subfield code="d">ba</subfield><subfield code="e">0</subfield><subfield code="f">fre</subfield></datafield><datafield tag="106" ind1="#" ind2="#"><subfield code="a">r</subfield></datafield><datafield tag="110" ind1="#" ind2="#"><subfield code="a">ayu|||||uu|</subfield></datafield><datafield tag="181" ind1="#" ind2="#"><subfield code="6">z01</subfield><subfield code="c">txt</subfield><subfield code="2">rdacontent</subfield></datafield><datafield tag="181" ind1="#" ind2="#"><subfield code="6">z02</subfield><subfield code="c">sti</subfield><subfield code="2">rdacontent</subfield></datafield><datafield tag="181" ind1="#" ind2="1"><subfield code="6">z01</subfield><subfield code="a">i#</subfield><subfield code="b">xxxe##</subfield></datafield><datafield tag="181" ind1="#" ind2="1"><subfield code="6">z02</subfield><subfield code="a">b#</subfield><subfield code="b">xb2e##</subfield></datafield><datafield tag="182" ind1="#" ind2="#"><subfield code="6">z01</subfield><subfield code="c">n</subfield><subfield code="2">rdamedia</subfield></datafield><datafield tag="182" ind1="#" ind2="#"><subfield code="6">z02</subfield><subfield code="c">n</subfield><subfield code="2">rdamedia</subfield></datafield><datafield tag="182" ind1="#" ind2="1"><subfield code="6">z01</subfield><subfield code="a">n</subfield></datafield><datafield tag="182" ind1="#" ind2="1"><subfield code="6">z02</subfield><subfield code="a">n</subfield></datafield><datafield tag="183" ind1="#" ind2="#"><subfield code="6">z01</subfield><subfield code="6">z02</subfield><subfield code="a">nga</subfield><subfield code="2">RDAfrCarrier</subfield></datafield><datafield tag="200" ind1="1" ind2="#"><subfield code="a">Flash art</subfield><subfield code="e">the largest European art magazine</subfield><subfield code="f">ed. Helena Kontova, Giancarlo Politi</subfield></datafield><datafield tag="205" ind1="#" ind2="#"><subfield code="a">International ed.</subfield></datafield><datafield tag="214" ind1="#" ind2="0"><subfield code="a">Milano</subfield><subfield code="c">G. Politi</subfield><subfield code="d">1979-</subfield></datafield><datafield tag="307" ind1="#" ind2="#"><subfield code="a">Certains volumes de ce périodique intègrent également la revue &quot;Heute Kunst&quot;.</subfield></datafield><datafield tag="316" ind1="#" ind2="#"><subfield code="5">674825119:566006626</subfield><subfield code="a">HEARNUM_3_95642</subfield></datafield><datafield tag="319" ind1="#" ind2="#"><subfield code="5">130555109:19672743X</subfield><subfield code="a">Les numéros avant 1990 sont consultables sur place</subfield></datafield><datafield tag="319" ind1="#" ind2="#"><subfield code="5">751062312:124448836</subfield><subfield code="a">Reproductible</subfield></datafield><datafield tag="326" ind1="#" ind2="#"><subfield code="a">Bimestriel</subfield></datafield><datafield tag="453" ind1="#" ind2="#"><subfield code="0">159867789</subfield><subfield code="t">Flash art (Budapest)</subfield><subfield code="x">2063-2320</subfield></datafield><datafield tag="454" ind1="#" ind2="#"><subfield code="0">03870904X</subfield><subfield code="t">Flash art (Ed. italiana)</subfield><subfield code="x">0015-3524</subfield></datafield><datafield tag="512" ind1="#" ind2="#"><subfield code="a">Flash art. International</subfield></datafield><datafield tag="517" ind1="#" ind2="#"><subfield code="a">Flash art</subfield><subfield code="e">the world&apos;s leading art magazine</subfield></datafield><datafield tag="517" ind1="#" ind2="#"><subfield code="a">Flash art</subfield><subfield code="e">the leading european art magazine</subfield></datafield><datafield tag="530" ind1="1" ind2="#"><subfield code="a">Flash art</subfield><subfield code="b">(International)</subfield></datafield><datafield tag="531" ind1="#" ind2="#"><subfield code="a">Flash art</subfield><subfield code="b">(Int.)</subfield></datafield><datafield tag="606" ind1="#" ind2="#"><subfield code="3">027269418</subfield><subfield code="a">Art</subfield><subfield code="z">20e siècle</subfield><subfield code="2">rameau</subfield></datafield><datafield tag="606" ind1="#" ind2="#"><subfield code="3">027269302</subfield><subfield code="a">Art</subfield><subfield code="3">050665391</subfield><subfield code="z">2000-....</subfield><subfield code="2">rameau</subfield></datafield><datafield tag="608" ind1="#" ind2="#"><subfield code="3">02724640X</subfield><subfield code="a">Périodique</subfield><subfield code="2">rameau</subfield></datafield><datafield tag="675" ind1="#" ind2="#"><subfield code="a">7</subfield></datafield><datafield tag="675" ind1="#" ind2="#"><subfield code="a">74</subfield></datafield><datafield tag="675" ind1="#" ind2="#"><subfield code="a">75</subfield></datafield><datafield tag="676" ind1="#" ind2="#"><subfield code="a">700</subfield></datafield><datafield tag="680" ind1="#" ind2="#"><subfield code="a">N1.A1</subfield></datafield><datafield tag="702" ind1="#" ind2="1"><subfield code="3">035761423</subfield><subfield code="a">Politi</subfield><subfield code="b">Giancarlo</subfield><subfield code="f">1937-....</subfield><subfield code="4">340</subfield></datafield><datafield tag="702" ind1="#" ind2="1"><subfield code="3">077825454</subfield><subfield code="a">Kontova</subfield><subfield code="b">Helena</subfield><subfield code="4">340</subfield></datafield><datafield tag="801" ind1="#" ind2="3"><subfield code="a">FR</subfield><subfield code="b">Abes</subfield><subfield code="c">20230315</subfield><subfield code="g">AFNOR</subfield></datafield><datafield tag="801" ind1="#" ind2="3"><subfield code="a">FR</subfield><subfield code="b">ISSN</subfield><subfield code="c">20120315</subfield></datafield><datafield tag="802" ind1="#" ind2="#"><subfield code="a">0d</subfield></datafield><datafield tag="830" ind1="#" ind2="#"><subfield code="a">Réforme Rameau Genre-Forme retro périos (ne pas supprimer)</subfield></datafield><datafield tag="830" ind1="#" ind2="#"><subfield code="a">DEMANDE DE CORRECTION ISSN par CR03 pour la zone 100 (année de début) le 25/11/04</subfield></datafield><datafield tag="930" ind1="#" ind2="#"><subfield code="5">315555245:22499717301</subfield><subfield code="b">315555245</subfield><subfield code="j">f</subfield></datafield><datafield tag="955" ind1="4" ind2="1"><subfield code="5">315555245:22499717301</subfield><subfield code="b">46</subfield><subfield code="i">1974</subfield><subfield code="b">51</subfield><subfield code="i">1974</subfield></datafield><datafield tag="955" ind1="4" ind2="1"><subfield code="5">315555245:22499717301</subfield><subfield code="b">58</subfield><subfield code="i">1975</subfield><subfield code="b">59</subfield><subfield code="i">1975</subfield></datafield><datafield tag="955" ind1="4" ind2="1"><subfield code="5">315555245:22499717301</subfield><subfield code="b">82</subfield><subfield code="i">1978</subfield><subfield code="b">83</subfield><subfield code="i">1978</subfield></datafield><datafield tag="955" ind1="4" ind2="1"><subfield code="5">315555245:22499717301</subfield><subfield code="b">90</subfield><subfield code="i">1979</subfield><subfield code="b">91</subfield><subfield code="i">1979</subfield></datafield><datafield tag="955" ind1="4" ind2="1"><subfield code="5">315555245:22499717301</subfield><subfield code="b">100</subfield><subfield code="i">1980</subfield><subfield code="b">101</subfield><subfield code="i">1981</subfield></datafield><datafield tag="955" ind1="4" ind2="1"><subfield code="5">315555245:22499717301</subfield><subfield code="b">104</subfield><subfield code="i">1981</subfield></datafield><datafield tag="955" ind1="4" ind2="1"><subfield code="5">315555245:22499717301</subfield><subfield code="b">109</subfield><subfield code="i">1982</subfield></datafield><datafield tag="955" ind1="4" ind2="1"><subfield code="5">315555245:22499717301</subfield><subfield code="b">111</subfield><subfield code="i">1982</subfield><subfield code="b">113</subfield><subfield code="i">1983</subfield></datafield><datafield tag="955" ind1="4" ind2="1"><subfield code="5">315555245:22499717301</subfield><subfield code="b">127</subfield><subfield code="i">1986</subfield></datafield><datafield tag="955" ind1="4" ind2="1"><subfield code="5">315555245:22499717301</subfield><subfield code="b">131</subfield><subfield code="i">1986</subfield><subfield code="b">135</subfield><subfield code="i">1987</subfield></datafield><datafield tag="955" ind1="4" ind2="1"><subfield code="5">315555245:22499717301</subfield><subfield code="b">153</subfield><subfield code="i">1990</subfield></datafield><datafield tag="955" ind1="4" ind2="1"><subfield code="5">315555245:22499717301</subfield><subfield code="b">157</subfield><subfield code="i">1991</subfield><subfield code="b">164</subfield><subfield code="i">1992</subfield></datafield><datafield tag="955" ind1="4" ind2="1"><subfield code="5">315555245:22499717301</subfield><subfield code="b">169</subfield><subfield code="i">1993</subfield><subfield code="b">173</subfield><subfield code="i">1993</subfield></datafield><datafield tag="955" ind1="4" ind2="1"><subfield code="5">315555245:22499717301</subfield><subfield code="b">176</subfield><subfield code="i">1994</subfield><subfield code="b">205</subfield><subfield code="i">1999</subfield></datafield><datafield tag="955" ind1="4" ind2="1"><subfield code="5">315555245:22499717301</subfield><subfield code="b">207</subfield><subfield code="i">1999</subfield><subfield code="b">211</subfield><subfield code="i">2000</subfield></datafield><datafield tag="955" ind1="4" ind2="1"><subfield code="5">315555245:22499717301</subfield><subfield code="b">213</subfield><subfield code="i">2000</subfield><subfield code="i"/><subfield code="j"/><subfield code="k"/><subfield code="a"/><subfield code="b"/><subfield code="c"/><subfield code="r">no. 46 (1974) - no. 51  (1974) ; no. 58 (1975) - no. 59  (1975) ; no. 82 (1978) - no. 83  (1978) ; no. 90 (1979) - no. 91  (1979) ; no. 100 (1980) - no. 101  (1981) ; no. 104 (1981) ; no. 109 (1982) ; no. 111 (1982) - no. 113  (1983) ; no. 127 (1986) ; no. 131 (1986) - no. 135  (1987) ; no. 153 (1990) ; no. 157 (1991) - no. 164  (1992) ; no. 169 (1993) - no. 173  (1993) ; no. 176 (1994) - no. 205  (1999) ; no. 207 (1999) - no. 211  (2000) ; no. 213 (2000)-....</subfield></datafield><datafield tag="940" ind1=" " ind2=" "><subfield code="5">315555245:22499717301</subfield><subfield code="a">20050314</subfield><subfield code="b">xO</subfield></datafield><datafield tag="941" ind1=" " ind2=" "><subfield code="5">315555245:22499717301</subfield><subfield code="a">20050315</subfield><subfield code="b">10:26:25.000</subfield></datafield></record>