<record><leader>     cas0 22        450 </leader><controlfield tag="001">039929809</controlfield><controlfield tag="002">50,51,59,63,90,102,200,201,204,205,207,215,219,220,222,223,224,226,227,228,229,230,231,232,233,408,414,418,428,431</controlfield><controlfield tag="003">https://www.sudoc.fr/039929809</controlfield><controlfield tag="004">19910215</controlfield><controlfield tag="005">20241105174155.000</controlfield><controlfield tag="006">9999</controlfield><controlfield tag="007">693872101</controlfield><controlfield tag="008">Abx3</controlfield><datafield tag="011" ind1="#" ind2="#"><subfield code="a">1156-7627</subfield><subfield code="f">1156-7627</subfield></datafield><datafield tag="033" ind1="#" ind2="#"><subfield code="a">https://catalogue.bnf.fr/ark:/12148/cb34438458k</subfield><subfield code="2">BNF</subfield><subfield code="d">20201201</subfield></datafield><datafield tag="033" ind1="#" ind2="#"><subfield code="a">https://reseau-mirabel.info/revue/titre-id/25755</subfield><subfield code="2">Mir@bel</subfield><subfield code="d">20240304</subfield></datafield><datafield tag="034" ind1=" " ind2=" "><subfield code="a">OCoLC</subfield><subfield code="0">173996214</subfield></datafield><datafield tag="035" ind1="#" ind2="#"><subfield code="a">ccn1156-7627</subfield></datafield><datafield tag="035" ind1="#" ind2="#"><subfield code="a">issn11567627</subfield></datafield><datafield tag="035" ind1="#" ind2="#"><subfield code="a">MIR_25755</subfield></datafield><datafield tag="100" ind1="#" ind2="#"><subfield code="a">19910215b19912011u  y0frey50      ba</subfield><subfield code="Y">0#</subfield><subfield code="A">1991</subfield><subfield code="B">2011</subfield></datafield><datafield tag="101" ind1="0" ind2="#"><subfield code="a">fre</subfield><subfield code="2">639-2</subfield></datafield><datafield tag="102" ind1="#" ind2="#"><subfield code="a">FR</subfield></datafield><datafield tag="104" ind1="#" ind2="#"><subfield code="a">u</subfield><subfield code="b">y</subfield><subfield code="c">y</subfield><subfield code="d">ba</subfield><subfield code="e">0</subfield><subfield code="f">fre</subfield></datafield><datafield tag="106" ind1="#" ind2="#"><subfield code="a">r</subfield></datafield><datafield tag="110" ind1="#" ind2="#"><subfield code="a">agu||||@uu|</subfield></datafield><datafield tag="181" ind1="#" ind2="#"><subfield code="6">z01</subfield><subfield code="c">txt</subfield><subfield code="2">rdacontent</subfield></datafield><datafield tag="181" ind1="#" ind2="1"><subfield code="6">z01</subfield><subfield code="a">i#</subfield><subfield code="b">xxxe##</subfield></datafield><datafield tag="182" ind1="#" ind2="#"><subfield code="6">z01</subfield><subfield code="c">n</subfield><subfield code="2">rdamedia</subfield></datafield><datafield tag="182" ind1="#" ind2="1"><subfield code="6">z01</subfield><subfield code="a">n</subfield></datafield><datafield tag="183" ind1="#" ind2="#"><subfield code="6">z01</subfield><subfield code="a">nga</subfield><subfield code="2">RDAfrCarrier</subfield></datafield><datafield tag="200" ind1="1" ind2="#"><subfield code="a">Art présence</subfield></datafield><datafield tag="207" ind1="#" ind2="0"><subfield code="a">N° 1 (1991, janv./Févr.)-n° 66 (2011, oct.)</subfield></datafield><datafield tag="210" ind1="#" ind2="#"><subfield code="a">Pleneuf-Val-André</subfield><subfield code="c">Ed. ALPA</subfield><subfield code="d">1991-2011</subfield></datafield><datafield tag="316" ind1="#" ind2="#"><subfield code="5">674825119:564482854</subfield><subfield code="a">HEARNUM_3_97800</subfield></datafield><datafield tag="326" ind1="#" ind2="#"><subfield code="a">Trimestriel</subfield></datafield><datafield tag="326" ind1="#" ind2="#"><subfield code="a">Bimestriel</subfield></datafield><datafield tag="530" ind1="1" ind2="#"><subfield code="a">Art présence</subfield><subfield code="b">(Pleneuf-Val-André)</subfield></datafield><datafield tag="606" ind1="#" ind2="#"><subfield code="3">027269418</subfield><subfield code="a">Art</subfield><subfield code="z">20e siècle</subfield><subfield code="2">rameau</subfield></datafield><datafield tag="606" ind1="#" ind2="#"><subfield code="3">027269302</subfield><subfield code="a">Art</subfield><subfield code="3">050665391</subfield><subfield code="z">2000-....</subfield><subfield code="2">rameau</subfield></datafield><datafield tag="608" ind1="#" ind2="#"><subfield code="3">02724640X</subfield><subfield code="a">Périodique</subfield><subfield code="2">rameau</subfield></datafield><datafield tag="675" ind1="#" ind2="#"><subfield code="a">7.01/.09</subfield></datafield><datafield tag="675" ind1="#" ind2="#"><subfield code="a">06.064</subfield></datafield><datafield tag="676" ind1="#" ind2="#"><subfield code="a">700</subfield></datafield><datafield tag="676" ind1="#" ind2="#"><subfield code="a">709.04</subfield></datafield><datafield tag="676" ind1="#" ind2="#"><subfield code="a">709.44</subfield></datafield><datafield tag="712" ind1="0" ind2="2"><subfield code="3">280737939</subfield><subfield code="a">Éditions Alpa</subfield><subfield code="c">Pléneuf-Val-André, Côtes-d&apos;Armor</subfield><subfield code="c">1989-2023</subfield><subfield code="4">650</subfield></datafield><datafield tag="801" ind1="#" ind2="3"><subfield code="a">FR</subfield><subfield code="b">Abes</subfield><subfield code="c">20241105</subfield><subfield code="g">AFNOR</subfield></datafield><datafield tag="801" ind1="#" ind2="3"><subfield code="a">FR</subfield><subfield code="b">ISSN</subfield><subfield code="c">20170614</subfield></datafield><datafield tag="802" ind1="#" ind2="#"><subfield code="a">07</subfield></datafield><datafield tag="830" ind1="#" ind2="#"><subfield code="a">Réforme Rameau Genre-Forme retro périos (ne pas supprimer)</subfield></datafield><datafield tag="930" ind1="#" ind2="#"><subfield code="5">315555245:22052516101</subfield><subfield code="b">315555245</subfield><subfield code="j">f</subfield></datafield><datafield tag="955" ind1="4" ind2="1"><subfield code="5">315555245:22052516101</subfield><subfield code="b">4</subfield><subfield code="i">1976</subfield></datafield><datafield tag="955" ind1="4" ind2="1"><subfield code="5">315555245:22052516101</subfield><subfield code="b">6</subfield><subfield code="i">1993</subfield><subfield code="b">7</subfield><subfield code="i">1993</subfield></datafield><datafield tag="955" ind1="4" ind2="1"><subfield code="5">315555245:22052516101</subfield><subfield code="b">13</subfield><subfield code="i">1995</subfield><subfield code="b">16</subfield><subfield code="i">1995</subfield></datafield><datafield tag="955" ind1="4" ind2="1"><subfield code="5">315555245:22052516101</subfield><subfield code="b">17</subfield><subfield code="i">1996</subfield><subfield code="b">24</subfield><subfield code="i">1997</subfield></datafield><datafield tag="955" ind1="4" ind2="1"><subfield code="5">315555245:22052516101</subfield><subfield code="b">26</subfield><subfield code="i">1998</subfield><subfield code="i"/><subfield code="j"/><subfield code="k"/><subfield code="a"/><subfield code="b"/><subfield code="c"/><subfield code="r">no. 4 (1976) ; no. 6 (1993) - no. 7  (1993) ; no. 13 (1995) - no. 16  (1995) ; no. 17 (1996) - no. 24  (1997) ; no. 26 (1998)-....</subfield></datafield><datafield tag="940" ind1=" " ind2=" "><subfield code="5">315555245:22052516101</subfield><subfield code="a">20050103</subfield><subfield code="b">xO</subfield></datafield><datafield tag="941" ind1=" " ind2=" "><subfield code="5">315555245:22052516101</subfield><subfield code="a">20050103</subfield><subfield code="b">16:42:15.000</subfield></datafield></record>