<record><leader>     cas0 22        450 </leader><controlfield tag="001">040478238</controlfield><controlfield tag="002">4,5,12,15,27,35,39,45,50,51,57,59,61,62,63,67,70,72,74,75,80,88,90,91,96,98,102,104,126,135,159,167,174,200,201,203,204,205,206,207,209,215,219,222,223,224,226,228,229,231,232,233,235,402,408,414,427,428,431,432,433</controlfield><controlfield tag="003">https://www.sudoc.fr/040478238</controlfield><controlfield tag="004">19960325</controlfield><controlfield tag="005">20241106193731.000</controlfield><controlfield tag="006">9999</controlfield><controlfield tag="007">422182101</controlfield><controlfield tag="008">Abx3</controlfield><datafield tag="011" ind1="#" ind2="#"><subfield code="a">1270-9050</subfield><subfield code="f">1270-9050</subfield></datafield><datafield tag="033" ind1="#" ind2="#"><subfield code="a">https://catalogue.bnf.fr/ark:/12148/cb34533326n</subfield><subfield code="2">BNF</subfield><subfield code="d">20191219</subfield></datafield><datafield tag="033" ind1="#" ind2="#"><subfield code="a">https://reseau-mirabel.info/revue/titre-id/666</subfield><subfield code="2">Mir@bel</subfield><subfield code="d">20200709</subfield></datafield><datafield tag="034" ind1=" " ind2=" "><subfield code="a">OCoLC</subfield><subfield code="0">609923462</subfield></datafield><datafield tag="035" ind1="#" ind2="#"><subfield code="a">ccn1270-9050</subfield><subfield code="z">ccn7200/181X</subfield></datafield><datafield tag="035" ind1="#" ind2="#"><subfield code="a">FRBNF345333260000001</subfield></datafield><datafield tag="035" ind1="#" ind2="#"><subfield code="a">issn12709050</subfield></datafield><datafield tag="035" ind1="#" ind2="#"><subfield code="a">MIR_666</subfield></datafield><datafield tag="035" ind1="#" ind2="#"><subfield code="1">74</subfield><subfield code="a">ALP284834</subfield></datafield><datafield tag="100" ind1="#" ind2="#"><subfield code="a">19960325b19962017k  y0frey50      ba</subfield><subfield code="Y">0#</subfield><subfield code="A">1996</subfield><subfield code="B">2017</subfield></datafield><datafield tag="101" ind1="0" ind2="#"><subfield code="a">fre</subfield><subfield code="2">639-2</subfield></datafield><datafield tag="102" ind1="#" ind2="#"><subfield code="a">FR</subfield></datafield><datafield tag="104" ind1="#" ind2="#"><subfield code="a">k</subfield><subfield code="b">y</subfield><subfield code="c">y</subfield><subfield code="d">ba</subfield><subfield code="e">0</subfield><subfield code="f">fre</subfield></datafield><datafield tag="106" ind1="#" ind2="#"><subfield code="a">r</subfield></datafield><datafield tag="110" ind1="#" ind2="#"><subfield code="a">aju||||@uu|</subfield></datafield><datafield tag="181" ind1="#" ind2="#"><subfield code="6">z01</subfield><subfield code="c">txt</subfield><subfield code="2">rdacontent</subfield></datafield><datafield tag="181" ind1="#" ind2="1"><subfield code="6">z01</subfield><subfield code="a">i#</subfield><subfield code="b">xxxe##</subfield></datafield><datafield tag="182" ind1="#" ind2="#"><subfield code="6">z01</subfield><subfield code="c">n</subfield><subfield code="2">rdamedia</subfield></datafield><datafield tag="182" ind1="#" ind2="1"><subfield code="6">z01</subfield><subfield code="a">n</subfield></datafield><datafield tag="183" ind1="#" ind2="#"><subfield code="6">z01</subfield><subfield code="a">nga</subfield><subfield code="2">RDAfrCarrier</subfield></datafield><datafield tag="200" ind1="1" ind2="#"><subfield code="a">Études photographiques</subfield><subfield code="e">revue semestrielle</subfield><subfield code="f">[Société française de photographie]</subfield></datafield><datafield tag="207" ind1="#" ind2="0"><subfield code="a">N°1 (novembre 1996) - n°35 (printemps 2017)</subfield></datafield><datafield tag="214" ind1="#" ind2="0"><subfield code="a">Paris</subfield><subfield code="c">Société française de photographie</subfield><subfield code="d">1996-2017</subfield></datafield><datafield tag="215" ind1="#" ind2="#"><subfield code="d">25 cm</subfield></datafield><datafield tag="316" ind1="#" ind2="#"><subfield code="5">674825119:565203185</subfield><subfield code="a">HEARNUM_3_95867</subfield></datafield><datafield tag="320" ind1="#" ind2="#"><subfield code="a">Bibliographie et notes de lecture</subfield></datafield><datafield tag="320" ind1="#" ind2="#"><subfield code="a">Index des noms ([1996-2001]) in n°10 (nov. 2001)</subfield></datafield><datafield tag="321" ind1="#" ind2="#"><subfield code="a">Sommaires en ligne</subfield><subfield code="u">http://etudesphotographiques.revues.org/sommaire415.html</subfield></datafield><datafield tag="326" ind1="#" ind2="#"><subfield code="a">Semestriel</subfield></datafield><datafield tag="452" ind1="#" ind2="#"><subfield code="0">115246754</subfield><subfield code="t">Études photographiques (En ligne)</subfield><subfield code="x">1777-5302</subfield></datafield><datafield tag="488" ind1="#" ind2="#"><subfield code="0">040266052</subfield><subfield code="t">Bulletin de la Société française de photographie (1994)</subfield><subfield code="x">1254-6380</subfield></datafield><datafield tag="530" ind1="0" ind2="#"><subfield code="a">Etudes photographiques</subfield></datafield><datafield tag="531" ind1="#" ind2="#"><subfield code="a">Etud. photogr.</subfield></datafield><datafield tag="606" ind1="1" ind2="#"><subfield code="3">028224248</subfield><subfield code="a">Photographie</subfield><subfield code="2">rameau</subfield></datafield><datafield tag="606" ind1="#" ind2="#"><subfield code="3">028224248</subfield><subfield code="a">Photographie</subfield><subfield code="3">027226794</subfield><subfield code="y">France</subfield><subfield code="2">rameau</subfield></datafield><datafield tag="606" ind1="#" ind2="#"><subfield code="3">028224248</subfield><subfield code="a">Photographie</subfield><subfield code="3">02726470X</subfield><subfield code="x">Histoire</subfield><subfield code="2">rameau</subfield></datafield><datafield tag="608" ind1="#" ind2="#"><subfield code="3">02724640X</subfield><subfield code="a">Périodique</subfield><subfield code="2">rameau</subfield></datafield><datafield tag="675" ind1="#" ind2="#"><subfield code="a">77</subfield></datafield><datafield tag="675" ind1="#" ind2="#"><subfield code="a">771/778</subfield></datafield><datafield tag="676" ind1="#" ind2="#"><subfield code="a">770</subfield></datafield><datafield tag="676" ind1="#" ind2="#"><subfield code="a">778</subfield></datafield><datafield tag="680" ind1="#" ind2="#"><subfield code="a">TR1</subfield></datafield><datafield tag="686" ind1="#" ind2="#"><subfield code="a">770</subfield><subfield code="2">Cadre de classement de la Bibliographie nationale française</subfield></datafield><datafield tag="686" ind1="#" ind2="#"><subfield code="1">88</subfield><subfield code="a">770.5</subfield><subfield code="2">DEWBSG</subfield></datafield><datafield tag="710" ind1="0" ind2="2"><subfield code="3">026560666</subfield><subfield code="a">Société française de photographie</subfield><subfield code="4">475</subfield></datafield><datafield tag="801" ind1="#" ind2="3"><subfield code="a">FR</subfield><subfield code="b">Abes</subfield><subfield code="c">20241106</subfield><subfield code="g">AFNOR</subfield></datafield><datafield tag="801" ind1="#" ind2="0"><subfield code="a">FR</subfield><subfield code="b">BNF</subfield><subfield code="c">19960325</subfield><subfield code="g">AFNOR</subfield><subfield code="2">intermrc</subfield></datafield><datafield tag="801" ind1="#" ind2="3"><subfield code="a">FR</subfield><subfield code="b">ISSN France</subfield><subfield code="c">20150330</subfield></datafield><datafield tag="802" ind1="#" ind2="#"><subfield code="a">07</subfield></datafield><datafield tag="830" ind1="#" ind2="#"><subfield code="a">Réforme Rameau Genre-Forme retro périos (ne pas supprimer)</subfield></datafield><datafield tag="930" ind1="#" ind2="#"><subfield code="5">315555245:22324572001</subfield><subfield code="b">315555245</subfield><subfield code="j">f</subfield></datafield><datafield tag="955" ind1="4" ind2="1"><subfield code="5">315555245:22324572001</subfield><subfield code="b">3</subfield><subfield code="i">1997</subfield><subfield code="b">4</subfield><subfield code="i">1998</subfield></datafield><datafield tag="955" ind1="4" ind2="1"><subfield code="5">315555245:22324572001</subfield><subfield code="b">8</subfield><subfield code="i">2000</subfield><subfield code="b">13</subfield><subfield code="i">2003</subfield></datafield><datafield tag="955" ind1="4" ind2="1"><subfield code="5">315555245:22324572001</subfield><subfield code="b">14</subfield><subfield code="i">2004</subfield><subfield code="i"/><subfield code="j"/><subfield code="k"/><subfield code="a"/><subfield code="b"/><subfield code="c"/><subfield code="r">no. 3 (1997) - no. 4  (1998) ; no. 8 (2000) - no. 13  (2003) ; no. 14 (2004)-....</subfield></datafield><datafield tag="940" ind1=" " ind2=" "><subfield code="5">315555245:22324572001</subfield><subfield code="a">20050217</subfield><subfield code="b">xO</subfield></datafield><datafield tag="941" ind1=" " ind2=" "><subfield code="5">315555245:22324572001</subfield><subfield code="a">20050217</subfield><subfield code="b">15:02:21.000</subfield></datafield></record>