<record><leader>     cas0 22        450 </leader><controlfield tag="001">039222233</controlfield><controlfield tag="002">4,35,50,51,56,60,62,63,67,70,72,74,75,90,102,146,200,201,203,204,205,206,207,209,215,219,222,223,224,226,227,228,229,230,231,232,233,408,412,414,418,427,428,432</controlfield><controlfield tag="003">https://www.sudoc.fr/039222233</controlfield><controlfield tag="004">19900518</controlfield><controlfield tag="005">20241104161552.000</controlfield><controlfield tag="006">9999</controlfield><controlfield tag="007">786465102</controlfield><controlfield tag="008">Abx3</controlfield><datafield tag="011" ind1="#" ind2="#"><subfield code="a">0009-6830</subfield><subfield code="f">0009-6830</subfield></datafield><datafield tag="033" ind1="#" ind2="#"><subfield code="a">https://catalogue.bnf.fr/ark:/12148/cb343484578</subfield><subfield code="2">BNF</subfield><subfield code="d">20191108</subfield></datafield><datafield tag="034" ind1=" " ind2=" "><subfield code="a">OCoLC</subfield><subfield code="0">231850446</subfield></datafield><datafield tag="035" ind1="#" ind2="#"><subfield code="a">ccn0009-6830</subfield></datafield><datafield tag="035" ind1="#" ind2="#"><subfield code="a">issn00096830</subfield></datafield><datafield tag="035" ind1="#" ind2="#"><subfield code="1">70</subfield><subfield code="a">01-0024950</subfield></datafield><datafield tag="035" ind1="#" ind2="#"><subfield code="1">74</subfield><subfield code="a">ALP310667</subfield></datafield><datafield tag="035" ind1="#" ind2="#"><subfield code="1">418</subfield><subfield code="a">35228</subfield></datafield><datafield tag="100" ind1="#" ind2="#"><subfield code="a">19900518b19532009m  y0frey50      ba</subfield><subfield code="Y">0#</subfield><subfield code="A">1953</subfield><subfield code="B">2009</subfield></datafield><datafield tag="101" ind1="0" ind2="#"><subfield code="a">fre</subfield><subfield code="a">eng</subfield><subfield code="2">639-2</subfield></datafield><datafield tag="102" ind1="#" ind2="#"><subfield code="a">FR</subfield></datafield><datafield tag="104" ind1="#" ind2="#"><subfield code="a">m</subfield><subfield code="b">y</subfield><subfield code="c">y</subfield><subfield code="d">ba</subfield><subfield code="e">0</subfield><subfield code="f">fre</subfield></datafield><datafield tag="106" ind1="#" ind2="#"><subfield code="a">r</subfield></datafield><datafield tag="110" ind1="#" ind2="#"><subfield code="a">agazz  0uu|</subfield></datafield><datafield tag="181" ind1="#" ind2="#"><subfield code="6">z01</subfield><subfield code="c">txt</subfield><subfield code="2">rdacontent</subfield></datafield><datafield tag="181" ind1="#" ind2="1"><subfield code="6">z01</subfield><subfield code="a">i#</subfield><subfield code="b">xxxe##</subfield></datafield><datafield tag="182" ind1="#" ind2="#"><subfield code="6">z01</subfield><subfield code="c">n</subfield><subfield code="2">rdamedia</subfield></datafield><datafield tag="182" ind1="#" ind2="1"><subfield code="6">z01</subfield><subfield code="a">n</subfield></datafield><datafield tag="183" ind1="#" ind2="#"><subfield code="6">z01</subfield><subfield code="a">nga</subfield><subfield code="2">RDAfrCarrier</subfield></datafield><datafield tag="200" ind1="1" ind2="#"><subfield code="a">Cimaise</subfield><subfield code="e">revue de l&apos;art actuel</subfield><subfield code="f">directeur J. R. Arnaud</subfield><subfield code="g">rédacteur en chef R. V. Gindertael</subfield></datafield><datafield tag="207" ind1="#" ind2="0"><subfield code="a">No.1 (1953, nov.)-no.293 (2009, mars)</subfield></datafield><datafield tag="214" ind1="#" ind2="0"><subfield code="a">Paris</subfield><subfield code="c">Cimaise</subfield><subfield code="d">1953-2009</subfield></datafield><datafield tag="214" ind1="1" ind2="0"><subfield code="a">Paris</subfield><subfield code="c">JGO</subfield><subfield code="d">2002-</subfield></datafield><datafield tag="300" ind1="#" ind2="#"><subfield code="a">Plusieurs séries rythment la vie de la revue.</subfield></datafield><datafield tag="300" ind1="#" ind2="#"><subfield code="a">Le sous-titre varie</subfield></datafield><datafield tag="300" ind1="#" ind2="#"><subfield code="a">Textes en français, anglais, allemand, espagnol, puis en français et en anglais</subfield></datafield><datafield tag="319" ind1="#" ind2="#"><subfield code="5">130555109:196646413</subfield><subfield code="a">Les numéros avant 1990 sont consultables sur place</subfield></datafield><datafield tag="319" ind1="#" ind2="#"><subfield code="5">751062312:122713133</subfield><subfield code="a">Reproductible</subfield></datafield><datafield tag="413" ind1="#" ind2="#"><subfield code="0">240392841</subfield><subfield code="t">Isabel Michel : L&apos;espace Spirtiuel</subfield><subfield code="o">exposition présentée à la Galerie du Fleuve, Paris, 1994</subfield><subfield code="o">extrait de Cimaise n ° 229, avril-mai 1994</subfield><subfield code="d">1994</subfield><subfield code="c">Paris</subfield><subfield code="n">Galerie du fleuve</subfield><subfield code="p">n.p.</subfield></datafield><datafield tag="430" ind1="#" ind2="#"><subfield code="0">251112306</subfield><subfield code="t">Cimaise (1952)</subfield></datafield><datafield tag="530" ind1="1" ind2="#"><subfield code="a">Cimaise</subfield><subfield code="b">(Paris)</subfield></datafield><datafield tag="531" ind1="#" ind2="#"><subfield code="a">Cimaise</subfield><subfield code="b">(Paris)</subfield></datafield><datafield tag="606" ind1="#" ind2="#"><subfield code="3">027269418</subfield><subfield code="a">Art</subfield><subfield code="z">20e siècle</subfield><subfield code="2">rameau</subfield></datafield><datafield tag="606" ind1="#" ind2="#"><subfield code="3">027269302</subfield><subfield code="a">Art</subfield><subfield code="3">050665391</subfield><subfield code="z">2000-....</subfield><subfield code="2">rameau</subfield></datafield><datafield tag="606" ind1="#" ind2="#"><subfield code="3">027228983</subfield><subfield code="a">Architecture</subfield><subfield code="2">rameau</subfield></datafield><datafield tag="608" ind1="#" ind2="#"><subfield code="3">02724640X</subfield><subfield code="a">Périodique</subfield><subfield code="2">rameau</subfield></datafield><datafield tag="675" ind1="#" ind2="#"><subfield code="a">7.036.7</subfield></datafield><datafield tag="676" ind1="#" ind2="#"><subfield code="a">705</subfield></datafield><datafield tag="686" ind1="#" ind2="#"><subfield code="a">AA4380</subfield></datafield><datafield tag="700" ind1="#" ind2="1"><subfield code="3">050545744</subfield><subfield code="a">Van Gindertael</subfield><subfield code="b">Roger</subfield><subfield code="f">1899-1982</subfield><subfield code="4">651</subfield></datafield><datafield tag="701" ind1="#" ind2="1"><subfield code="3">124710387</subfield><subfield code="a">Arnaud</subfield><subfield code="b">Jean-Robert</subfield><subfield code="f">1920-2007</subfield><subfield code="4">651</subfield></datafield><datafield tag="801" ind1="#" ind2="3"><subfield code="a">FR</subfield><subfield code="b">Abes</subfield><subfield code="c">20241104</subfield><subfield code="g">AFNOR</subfield></datafield><datafield tag="801" ind1="#" ind2="3"><subfield code="a">FR</subfield><subfield code="b">ISSN</subfield><subfield code="c">20120906</subfield></datafield><datafield tag="802" ind1="#" ind2="#"><subfield code="a">07</subfield></datafield><datafield tag="830" ind1="#" ind2="#"><subfield code="a">Réforme Rameau Genre-Forme retro périos (ne pas supprimer)</subfield></datafield><datafield tag="830" ind1="#" ind2="#"><subfield code="a">Demande de correction ISSN refusée pour la zone 430 le 2020-12-29. Raison refus: Il n&apos;y a pas de changement de titre. Tout au plus peut-on changer la date de début de publication. (identifiant Cidemis : 143320)</subfield></datafield><datafield tag="930" ind1="#" ind2="#"><subfield code="5">315555245:23732046001</subfield><subfield code="b">315555245</subfield><subfield code="j">f</subfield></datafield><datafield tag="955" ind1="4" ind2="1"><subfield code="5">315555245:23732046001</subfield><subfield code="b">47</subfield><subfield code="i">1960</subfield></datafield><datafield tag="955" ind1="4" ind2="1"><subfield code="5">315555245:23732046001</subfield><subfield code="b">91</subfield><subfield code="i">1969</subfield><subfield code="b">92</subfield><subfield code="i">1969</subfield></datafield><datafield tag="955" ind1="4" ind2="1"><subfield code="5">315555245:23732046001</subfield><subfield code="b">115</subfield><subfield code="i">1974</subfield><subfield code="b">118</subfield><subfield code="i">1974</subfield></datafield><datafield tag="955" ind1="4" ind2="1"><subfield code="5">315555245:23732046001</subfield><subfield code="b">122</subfield><subfield code="i">1975</subfield><subfield code="b">127</subfield><subfield code="i">1976</subfield></datafield><datafield tag="955" ind1="4" ind2="1"><subfield code="5">315555245:23732046001</subfield><subfield code="b">129</subfield><subfield code="i">1977</subfield><subfield code="b">137</subfield><subfield code="i">1978</subfield></datafield><datafield tag="955" ind1="4" ind2="1"><subfield code="5">315555245:23732046001</subfield><subfield code="b">142</subfield><subfield code="i">1979</subfield><subfield code="b">149</subfield><subfield code="i">1980</subfield></datafield><datafield tag="955" ind1="4" ind2="1"><subfield code="5">315555245:23732046001</subfield><subfield code="b">151</subfield><subfield code="i">1981</subfield></datafield><datafield tag="955" ind1="4" ind2="1"><subfield code="5">315555245:23732046001</subfield><subfield code="b">153</subfield><subfield code="i">1981</subfield><subfield code="b">154</subfield><subfield code="i">1981</subfield></datafield><datafield tag="955" ind1="4" ind2="1"><subfield code="5">315555245:23732046001</subfield><subfield code="b">159</subfield><subfield code="i">1982</subfield><subfield code="b">168</subfield><subfield code="i">1984</subfield></datafield><datafield tag="955" ind1="4" ind2="1"><subfield code="5">315555245:23732046001</subfield><subfield code="b">171</subfield><subfield code="i">1984</subfield><subfield code="b">185</subfield><subfield code="i">1986</subfield></datafield><datafield tag="955" ind1="4" ind2="1"><subfield code="5">315555245:23732046001</subfield><subfield code="b">188</subfield><subfield code="i">1987</subfield><subfield code="b">201</subfield><subfield code="i">1989</subfield></datafield><datafield tag="955" ind1="4" ind2="1"><subfield code="5">315555245:23732046001</subfield><subfield code="b">203</subfield><subfield code="i">1989</subfield><subfield code="b">255</subfield><subfield code="i">1998</subfield></datafield><datafield tag="955" ind1="4" ind2="1"><subfield code="5">315555245:23732046001</subfield><subfield code="b">257</subfield><subfield code="i">1999</subfield><subfield code="b">269</subfield><subfield code="i">2002</subfield><subfield code="r">no. 47 (1960) ; no. 91 (1969) - no. 92  (1969) ; no. 115 (1974)no. 118  - (1974) ; no. 122 (1975) - no. 127  (1976) ; no. 129 (1977) - no. 137  (1978) ; no. 142 (1979) - no. 149  (1980) ; no. 151 (1981) ; no. 153 (1981) - no. 154  (1981) ; no. 159 (1982) - no. 168  (1984) ; no. 171 (1984) - no. 185 (1986) ; no. 188 (1987) - no. 201  (1989) ; no. 203 (1989) - no. 255  (1998) ; no. 257 (1999) - no. 269  (2002)</subfield></datafield><datafield tag="940" ind1=" " ind2=" "><subfield code="5">315555245:23732046001</subfield><subfield code="a">20050725</subfield><subfield code="b">rF</subfield></datafield><datafield tag="941" ind1=" " ind2=" "><subfield code="5">315555245:23732046001</subfield><subfield code="a">20050725</subfield><subfield code="b">15:32:52.000</subfield></datafield></record>