<record><leader>     cas0 22        450 </leader><controlfield tag="001">040528456</controlfield><controlfield tag="002">4,17,27,45,50,51,59,63,72,80,88,90,91,102,201,203,204,215,219,222,223,224,226,227,228,229,230,232,233,408,412,414,418,428,431</controlfield><controlfield tag="003">https://www.sudoc.fr/040528456</controlfield><controlfield tag="004">19970123</controlfield><controlfield tag="005">20250107182936.000</controlfield><controlfield tag="006">9999</controlfield><controlfield tag="007">1999</controlfield><controlfield tag="008">Abx3</controlfield><datafield tag="011" ind1="#" ind2="#"><subfield code="a">1278-4370</subfield><subfield code="f">1278-4370</subfield></datafield><datafield tag="033" ind1="#" ind2="#"><subfield code="a">https://catalogue.bnf.fr/ark:/12148/cb345426311</subfield><subfield code="2">BNF</subfield><subfield code="d">20191203</subfield></datafield><datafield tag="033" ind1="#" ind2="#"><subfield code="a">https://reseau-mirabel.info/revue/titre-id/2137</subfield><subfield code="2">Mir@bel</subfield><subfield code="d">20200710</subfield></datafield><datafield tag="034" ind1=" " ind2=" "><subfield code="a">OCoLC</subfield><subfield code="0">50315361</subfield></datafield><datafield tag="035" ind1="#" ind2="#"><subfield code="a">ccn1278-4370</subfield><subfield code="z">ccn7141/4444</subfield></datafield><datafield tag="035" ind1="#" ind2="#"><subfield code="a">issn12784370</subfield></datafield><datafield tag="035" ind1="#" ind2="#"><subfield code="a">MIR_2137</subfield></datafield><datafield tag="035" ind1="#" ind2="#"><subfield code="1">63</subfield><subfield code="a">104075</subfield></datafield><datafield tag="035" ind1="#" ind2="#"><subfield code="1">418</subfield><subfield code="a">36460</subfield></datafield><datafield tag="100" ind1="#" ind2="#"><subfield code="a">19970123b19962013k  y0frey50      ba</subfield><subfield code="Y">0#</subfield><subfield code="A">1996</subfield><subfield code="B">2013</subfield></datafield><datafield tag="101" ind1="0" ind2="#"><subfield code="a">fre</subfield><subfield code="2">639-2</subfield></datafield><datafield tag="102" ind1="#" ind2="#"><subfield code="a">FR</subfield></datafield><datafield tag="104" ind1="#" ind2="#"><subfield code="a">k</subfield><subfield code="b">y</subfield><subfield code="c">y</subfield><subfield code="d">ba</subfield><subfield code="e">0</subfield><subfield code="f">fre</subfield></datafield><datafield tag="106" ind1="#" ind2="#"><subfield code="a">r</subfield></datafield><datafield tag="110" ind1="#" ind2="#"><subfield code="a">aju|||||uu|</subfield></datafield><datafield tag="181" ind1="#" ind2="#"><subfield code="6">z01</subfield><subfield code="c">txt</subfield><subfield code="2">rdacontent</subfield></datafield><datafield tag="181" ind1="#" ind2="1"><subfield code="6">z01</subfield><subfield code="a">i#</subfield><subfield code="b">xxxe##</subfield></datafield><datafield tag="182" ind1="#" ind2="#"><subfield code="6">z01</subfield><subfield code="c">n</subfield><subfield code="2">rdamedia</subfield></datafield><datafield tag="182" ind1="#" ind2="1"><subfield code="6">z01</subfield><subfield code="a">n</subfield></datafield><datafield tag="183" ind1="#" ind2="#"><subfield code="6">z01</subfield><subfield code="a">nga</subfield><subfield code="2">RDAfrCarrier</subfield></datafield><datafield tag="200" ind1="1" ind2="#"><subfield code="a">Pratiques</subfield><subfield code="e">réflexions sur l&apos;art</subfield></datafield><datafield tag="207" ind1="#" ind2="0"><subfield code="a">N°1 (1996)-n°22 (2013)</subfield></datafield><datafield tag="214" ind1="#" ind2="0"><subfield code="a">Rennes</subfield><subfield code="c">Ecole régionale des beaux-arts de Rennes</subfield><subfield code="d">1996-2013</subfield></datafield><datafield tag="316" ind1="#" ind2="#"><subfield code="5">674825119:567364747</subfield><subfield code="a">HEARNUM_3_97394</subfield></datafield><datafield tag="319" ind1="#" ind2="#"><subfield code="5">751062312:220478511</subfield><subfield code="a">Reproductible</subfield></datafield><datafield tag="326" ind1="#" ind2="#"><subfield code="a">Semestriel (printemps-automne)</subfield></datafield><datafield tag="530" ind1="1" ind2="#"><subfield code="a">Pratiques</subfield><subfield code="b">(Rennes)</subfield></datafield><datafield tag="531" ind1="#" ind2="#"><subfield code="a">Prat.</subfield><subfield code="b">(Rennes)</subfield></datafield><datafield tag="606" ind1="#" ind2="#"><subfield code="3">027269418</subfield><subfield code="a">Art</subfield><subfield code="z">20e siècle</subfield><subfield code="2">rameau</subfield></datafield><datafield tag="606" ind1="#" ind2="#"><subfield code="3">027269302</subfield><subfield code="a">Art</subfield><subfield code="3">050665391</subfield><subfield code="z">2000-....</subfield><subfield code="2">rameau</subfield></datafield><datafield tag="608" ind1="#" ind2="#"><subfield code="3">02724640X</subfield><subfield code="a">Périodiques</subfield><subfield code="2">rameau</subfield></datafield><datafield tag="675" ind1="#" ind2="#"><subfield code="a">7</subfield></datafield><datafield tag="675" ind1="#" ind2="#"><subfield code="a">347.784</subfield></datafield><datafield tag="675" ind1="#" ind2="#"><subfield code="a">7.01/.09</subfield></datafield><datafield tag="676" ind1="#" ind2="#"><subfield code="a">700</subfield></datafield><datafield tag="676" ind1="#" ind2="#"><subfield code="a">707</subfield></datafield><datafield tag="680" ind1="#" ind2="#"><subfield code="a">N67</subfield></datafield><datafield tag="686" ind1="#" ind2="#"><subfield code="1">88</subfield><subfield code="a">705</subfield><subfield code="2">DEWBSG</subfield></datafield><datafield tag="710" ind1="0" ind2="2"><subfield code="3">026523973</subfield><subfield code="a">Ecole régionale des beaux-arts</subfield><subfield code="c">Rennes</subfield><subfield code="4">651</subfield></datafield><datafield tag="801" ind1="#" ind2="3"><subfield code="a">FR</subfield><subfield code="b">Abes</subfield><subfield code="c">20250107</subfield><subfield code="g">AFNOR</subfield></datafield><datafield tag="801" ind1="#" ind2="3"><subfield code="a">FR</subfield><subfield code="b">ISSN</subfield><subfield code="c">20090225</subfield></datafield><datafield tag="802" ind1="#" ind2="#"><subfield code="a">07</subfield></datafield><datafield tag="830" ind1="#" ind2="#"><subfield code="a">Réforme Rameau Genre-Forme retro périos (ne pas supprimer)</subfield></datafield><datafield tag="930" ind1="#" ind2="#"><subfield code="5">315555245:22772591301</subfield><subfield code="b">315555245</subfield><subfield code="j">f</subfield></datafield><datafield tag="955" ind1="4" ind2="1"><subfield code="5">315555245:22772591301</subfield><subfield code="b">1</subfield><subfield code="i">1996</subfield><subfield code="i"/><subfield code="j"/><subfield code="k"/><subfield code="a"/><subfield code="b"/><subfield code="c"/><subfield code="r">no. 1 (1996)-....</subfield></datafield><datafield tag="940" ind1=" " ind2=" "><subfield code="5">315555245:22772591301</subfield><subfield code="a">20050405</subfield><subfield code="b">xO</subfield></datafield><datafield tag="941" ind1=" " ind2=" "><subfield code="5">315555245:22772591301</subfield><subfield code="a">20050405</subfield><subfield code="b">16:58:15.000</subfield></datafield></record>