<record><leader>     cas0 22        450 </leader><controlfield tag="001">039197832</controlfield><controlfield tag="002">50,67,74,90,146,195,201,204,215,222,224,226,227,229,232,233,408,414,418</controlfield><controlfield tag="003">https://www.sudoc.fr/039197832</controlfield><controlfield tag="004">19831201</controlfield><controlfield tag="005">20241212180559.000</controlfield><controlfield tag="006">9999</controlfield><controlfield tag="007">1999</controlfield><controlfield tag="008">Abx3</controlfield><datafield tag="011" ind1="#" ind2="#"><subfield code="a">0212-1700</subfield><subfield code="f">0212-1700</subfield></datafield><datafield tag="033" ind1="#" ind2="#"><subfield code="a">https://catalogue.bnf.fr/ark:/12148/cb344539972</subfield><subfield code="2">BNF</subfield><subfield code="d">20230125</subfield></datafield><datafield tag="034" ind1=" " ind2=" "><subfield code="a">OCoLC</subfield><subfield code="0">473471469</subfield></datafield><datafield tag="035" ind1="#" ind2="#"><subfield code="a">ccn0212-1700</subfield></datafield><datafield tag="035" ind1="#" ind2="#"><subfield code="a">issn02121700</subfield></datafield><datafield tag="035" ind1="#" ind2="#"><subfield code="1">418</subfield><subfield code="a">36446</subfield></datafield><datafield tag="100" ind1="#" ind2="#"><subfield code="a">19831201a19829999k  y0frey50      ba</subfield><subfield code="Y">0#</subfield><subfield code="A">1982</subfield><subfield code="B">2016</subfield><subfield code="D">1982-...</subfield></datafield><datafield tag="101" ind1="0" ind2="#"><subfield code="a">spa</subfield><subfield code="2">639-2</subfield></datafield><datafield tag="102" ind1="#" ind2="#"><subfield code="a">ES</subfield></datafield><datafield tag="104" ind1="#" ind2="#"><subfield code="a">k</subfield><subfield code="b">y</subfield><subfield code="c">y</subfield><subfield code="d">ba</subfield><subfield code="e">0</subfield><subfield code="f">fre</subfield></datafield><datafield tag="106" ind1="#" ind2="#"><subfield code="a">r</subfield></datafield><datafield tag="110" ind1="#" ind2="#"><subfield code="a">af|||||0|||</subfield></datafield><datafield tag="181" ind1="#" ind2="#"><subfield code="6">z01</subfield><subfield code="c">txt</subfield><subfield code="2">rdacontent</subfield></datafield><datafield tag="181" ind1="#" ind2="#"><subfield code="6">z02</subfield><subfield code="c">sti</subfield><subfield code="2">rdacontent</subfield></datafield><datafield tag="181" ind1="#" ind2="1"><subfield code="6">z01</subfield><subfield code="a">i#</subfield><subfield code="b">xxxe##</subfield></datafield><datafield tag="181" ind1="#" ind2="1"><subfield code="6">z02</subfield><subfield code="a">b#</subfield><subfield code="b">xb2e##</subfield></datafield><datafield tag="182" ind1="#" ind2="#"><subfield code="6">z01</subfield><subfield code="c">n</subfield><subfield code="2">rdamedia</subfield></datafield><datafield tag="182" ind1="#" ind2="#"><subfield code="6">z02</subfield><subfield code="c">n</subfield><subfield code="2">rdamedia</subfield></datafield><datafield tag="182" ind1="#" ind2="1"><subfield code="6">z01</subfield><subfield code="a">n</subfield></datafield><datafield tag="182" ind1="#" ind2="1"><subfield code="6">z02</subfield><subfield code="a">n</subfield></datafield><datafield tag="183" ind1="#" ind2="#"><subfield code="6">z01</subfield><subfield code="6">z02</subfield><subfield code="a">nga</subfield><subfield code="2">RDAfrCarrier</subfield></datafield><datafield tag="200" ind1="1" ind2="#"><subfield code="a">Lápiz</subfield><subfield code="e">revista internacional de arte</subfield></datafield><datafield tag="214" ind1="#" ind2="0"><subfield code="a">Madrid</subfield><subfield code="c">Ediciones L</subfield><subfield code="d">1982-2016</subfield></datafield><datafield tag="302" ind1="#" ind2="#"><subfield code="a">Numéros bilingues Espagnol / Anglais en 2005</subfield></datafield><datafield tag="319" ind1="#" ind2="#"><subfield code="5">751062312:220480427</subfield><subfield code="a">Reproductible</subfield></datafield><datafield tag="326" ind1="#" ind2="#"><subfield code="a">Mensuel</subfield></datafield><datafield tag="530" ind1="0" ind2="#"><subfield code="a">Lápiz</subfield></datafield><datafield tag="531" ind1="#" ind2="#"><subfield code="a">Lápiz</subfield></datafield><datafield tag="606" ind1="#" ind2="#"><subfield code="3">027269418</subfield><subfield code="a">Art</subfield><subfield code="z">20e siècle</subfield><subfield code="2">rameau</subfield></datafield><datafield tag="606" ind1="#" ind2="#"><subfield code="3">027269302</subfield><subfield code="a">Art</subfield><subfield code="3">050665391</subfield><subfield code="z">2000-....</subfield><subfield code="2">rameau</subfield></datafield><datafield tag="608" ind1="#" ind2="#"><subfield code="3">02724640X</subfield><subfield code="a">Périodiques</subfield><subfield code="2">rameau</subfield></datafield><datafield tag="675" ind1="#" ind2="#"><subfield code="a">7</subfield></datafield><datafield tag="676" ind1="#" ind2="#"><subfield code="a">700</subfield></datafield><datafield tag="680" ind1="#" ind2="#"><subfield code="a">N7</subfield></datafield><datafield tag="801" ind1="#" ind2="3"><subfield code="a">FR</subfield><subfield code="b">Abes</subfield><subfield code="c">20241212</subfield><subfield code="g">AFNOR</subfield></datafield><datafield tag="801" ind1="#" ind2="3"><subfield code="a">FR</subfield><subfield code="b">ISSN</subfield><subfield code="c">20161001</subfield></datafield><datafield tag="802" ind1="#" ind2="#"><subfield code="a">0U</subfield></datafield><datafield tag="830" ind1="#" ind2="#"><subfield code="a">Réforme Rameau Genre-Forme retro périos (ne pas supprimer)</subfield></datafield><datafield tag="930" ind1="#" ind2="#"><subfield code="5">315555245:22749229301</subfield><subfield code="b">315555245</subfield><subfield code="j">f</subfield></datafield><datafield tag="955" ind1="4" ind2="1"><subfield code="5">315555245:22749229301</subfield><subfield code="b">35</subfield><subfield code="i">1986</subfield></datafield><datafield tag="955" ind1="4" ind2="1"><subfield code="5">315555245:22749229301</subfield><subfield code="b">71</subfield><subfield code="i">1990</subfield></datafield><datafield tag="955" ind1="4" ind2="1"><subfield code="5">315555245:22749229301</subfield><subfield code="b">84</subfield><subfield code="i">1992</subfield></datafield><datafield tag="955" ind1="4" ind2="1"><subfield code="5">315555245:22749229301</subfield><subfield code="b">99</subfield><subfield code="i">1994</subfield><subfield code="b">175</subfield><subfield code="i">2001</subfield></datafield><datafield tag="955" ind1="4" ind2="1"><subfield code="5">315555245:22749229301</subfield><subfield code="b">177</subfield><subfield code="i">2001</subfield><subfield code="i"/><subfield code="j"/><subfield code="k"/><subfield code="a"/><subfield code="b"/><subfield code="c"/><subfield code="r">no. 35 (1986) ; no. 71 (1990) ; no. 84 (1992) ; no. 99 (1994) - no. 175  (2001) ; no. 177 (2001)-....</subfield></datafield><datafield tag="940" ind1=" " ind2=" "><subfield code="5">315555245:22749229301</subfield><subfield code="a">20050404</subfield><subfield code="b">xO</subfield></datafield><datafield tag="941" ind1=" " ind2=" "><subfield code="5">315555245:22749229301</subfield><subfield code="a">20050404</subfield><subfield code="b">11:05:06.000</subfield></datafield></record>