<record><leader>     cas0 22        450 </leader><controlfield tag="001">039220680</controlfield><controlfield tag="002">1,4,5,10,11,12,15,17,18,20,21,24,25,27,31,32,35,36,38,42,45,46,49,50,53,56,57,58,59,60,62,63,67,68,70,72,73,75,80,82,83,85,86,88,90,91,96,99,101,102,105,106,108,119,124,130,133,135,137,138,146,155,157,159,160,161,167,168,174,175,178,180,190,194,200,201,202,203,204,205,206,207,209,210,215,217,218,219,220,221,222,223,224,226,227,228,229,230,231,232,233,402,408,421,423,427,428,432,434,438,439</controlfield><controlfield tag="003">https://www.sudoc.fr/039220680</controlfield><controlfield tag="004">19900809</controlfield><controlfield tag="005">20250616154114.000</controlfield><controlfield tag="006">9999</controlfield><controlfield tag="007">593502322</controlfield><controlfield tag="008">Abx3</controlfield><datafield tag="011" ind1="#" ind2="#"><subfield code="a">0006-2006</subfield><subfield code="f">0006-2006</subfield></datafield><datafield tag="033" ind1="#" ind2="#"><subfield code="a">https://reseau-mirabel.info/revue/titre-id/492</subfield><subfield code="2">Mir@bel</subfield><subfield code="d">20200722</subfield></datafield><datafield tag="033" ind1="#" ind2="#"><subfield code="a">https://catalogue.bnf.fr/ark:/12148/cb343482749</subfield><subfield code="2">BNF</subfield><subfield code="d">20191115</subfield></datafield><datafield tag="034" ind1=" " ind2=" "><subfield code="a">OCoLC</subfield><subfield code="0">473055340</subfield></datafield><datafield tag="035" ind1=" " ind2=" "><subfield code="a">070512310</subfield><subfield code="9">sudoc</subfield></datafield><datafield tag="035" ind1=" " ind2=" "><subfield code="a">048091405</subfield><subfield code="9">sudoc</subfield></datafield><datafield tag="035" ind1="#" ind2="#"><subfield code="a">sib0370494</subfield></datafield><datafield tag="035" ind1="#" ind2="#"><subfield code="a">Evry28389</subfield></datafield><datafield tag="035" ind1="#" ind2="#"><subfield code="a">ccn0006-2006</subfield></datafield><datafield tag="035" ind1="#" ind2="#"><subfield code="a">MIR_492</subfield></datafield><datafield tag="035" ind1="#" ind2="#"><subfield code="a">issn00062006</subfield></datafield><datafield tag="035" ind1="#" ind2="#"><subfield code="a">FRBNF343482740000004</subfield><subfield code="d">20220420</subfield></datafield><datafield tag="035" ind1="#" ind2="#"><subfield code="1">21</subfield><subfield code="a">156799</subfield></datafield><datafield tag="035" ind1="#" ind2="#"><subfield code="1">24</subfield><subfield code="a">153844</subfield></datafield><datafield tag="035" ind1="#" ind2="#"><subfield code="1">82</subfield><subfield code="a">ALP183213</subfield></datafield><datafield tag="035" ind1="#" ind2="#"><subfield code="1">85</subfield><subfield code="a">132077</subfield></datafield><datafield tag="035" ind1="#" ind2="#"><subfield code="1">90</subfield><subfield code="a">454478</subfield></datafield><datafield tag="035" ind1="#" ind2="#"><subfield code="1">105</subfield><subfield code="a">12920</subfield></datafield><datafield tag="035" ind1="#" ind2="#"><subfield code="1">106</subfield><subfield code="a">alp86299</subfield></datafield><datafield tag="035" ind1="#" ind2="#"><subfield code="1">124</subfield><subfield code="a">15543</subfield></datafield><datafield tag="035" ind1="#" ind2="#"><subfield code="1">402</subfield><subfield code="a">37614</subfield></datafield><datafield tag="100" ind1="#" ind2="#"><subfield code="a">19900809b19561959|||y0fre|50      ba</subfield><subfield code="Y">0#</subfield><subfield code="A">1956</subfield><subfield code="B">1959</subfield></datafield><datafield tag="101" ind1="0" ind2="#"><subfield code="a">fre</subfield><subfield code="2">639-2</subfield></datafield><datafield tag="102" ind1="#" ind2="#"><subfield code="a">FR</subfield></datafield><datafield tag="104" ind1="#" ind2="#"><subfield code="b">y</subfield><subfield code="d">ba</subfield><subfield code="e">0</subfield><subfield code="f">fre</subfield></datafield><datafield tag="106" ind1="#" ind2="#"><subfield code="a">r</subfield></datafield><datafield tag="110" ind1="#" ind2="#"><subfield code="a">aga|z  0||1</subfield></datafield><datafield tag="181" ind1="#" ind2="#"><subfield code="6">z01</subfield><subfield code="c">txt</subfield><subfield code="2">rdacontent</subfield></datafield><datafield tag="181" ind1="#" ind2="1"><subfield code="6">z01</subfield><subfield code="a">i#</subfield><subfield code="b">xxxe##</subfield></datafield><datafield tag="182" ind1="#" ind2="#"><subfield code="6">z01</subfield><subfield code="c">n</subfield><subfield code="2">rdamedia</subfield></datafield><datafield tag="182" ind1="#" ind2="1"><subfield code="6">z01</subfield><subfield code="a">n</subfield></datafield><datafield tag="183" ind1="#" ind2="#"><subfield code="6">z01</subfield><subfield code="a">nga</subfield><subfield code="2">RDAfrCarrier</subfield></datafield><datafield tag="200" ind1="1" ind2="#"><subfield code="a">Bulletin des bibliothèques de France</subfield><subfield code="f">[publié par la Direction des bibliothèques de France (Ministère de l&apos;Éducation nationale)]</subfield></datafield><datafield tag="207" ind1="#" ind2="0"><subfield code="a">1re année, no.1 (janv. 1956) - T.58, no.6 (2013) ; no.1 (2014) - no.17/18 (juin 2019)</subfield></datafield><datafield tag="214" ind1="#" ind2="0"><subfield code="a">Paris</subfield><subfield code="c">Direction des bibliothèques de France</subfield><subfield code="d">1956-2019</subfield></datafield><datafield tag="214" ind1="0" ind2="0"><subfield code="a">Villeurbanne</subfield><subfield code="c">Ecole nationale supérieure des bibliothèques</subfield><subfield code="d">1963-1991</subfield></datafield><datafield tag="214" ind1="1" ind2="0"><subfield code="a">Villeurbanne</subfield><subfield code="c">Ecole nationale supérieure des sciences de l&apos;information et des bibliothèques</subfield><subfield code="d">1992-2019</subfield></datafield><datafield tag="215" ind1="#" ind2="#"><subfield code="d">30 cm</subfield></datafield><datafield tag="300" ind1="#" ind2="#"><subfield code="a">Résumés en français dès 1960 et en anglais à partir de 1978</subfield></datafield><datafield tag="300" ind1="#" ind2="#"><subfield code="a">Dépouillé dans le CD-ROM &quot;Généralis&quot;</subfield></datafield><datafield tag="312" ind1="#" ind2="#"><subfield code="a">Autre forme de titre : BBF. Bulletin des bibliothèques de France (Imprimé)</subfield></datafield><datafield tag="316" ind1="#" ind2="#"><subfield code="5">751132108:255176260</subfield><subfield code="a">Documentation interne</subfield></datafield><datafield tag="320" ind1="#" ind2="#"><subfield code="a">Bibliographie 1959-1977</subfield></datafield><datafield tag="321" ind1="0" ind2="#"><subfield code="a">Bulletin des bibliothèques de France. Index 1956-1993</subfield></datafield><datafield tag="326" ind1="#" ind2="#"><subfield code="a">Trimestriel</subfield><subfield code="b">2014-</subfield></datafield><datafield tag="326" ind1="#" ind2="#"><subfield code="a">Bimestriel</subfield><subfield code="b">1983-2013</subfield></datafield><datafield tag="326" ind1="#" ind2="#"><subfield code="a">Mensuel</subfield><subfield code="b">1956-1982</subfield></datafield><datafield tag="436" ind1="#" ind2="#"><subfield code="0">037458221</subfield><subfield code="t">Bulletin de documentation bibliographique - Bibliothèque nationale</subfield><subfield code="x">1149-350X</subfield></datafield><datafield tag="436" ind1="#" ind2="#"><subfield code="0">037456202</subfield><subfield code="t">Bulletin d&apos;informations de la Direction des bibliothèques de France</subfield><subfield code="x">1153-8686</subfield></datafield><datafield tag="452" ind1="#" ind2="#"><subfield code="0">045083207</subfield><subfield code="t">Bulletin des bibliothèques de France (En ligne)</subfield><subfield code="x">1292-8399</subfield></datafield><datafield tag="517" ind1="#" ind2="#"><subfield code="a">BBF. Bulletin des bibliothèques de France (Imprimé)</subfield></datafield><datafield tag="517" ind1="#" ind2="#"><subfield code="a">BBF. Bulletin des bibliothèques de France (Imprimé)</subfield></datafield><datafield tag="530" ind1="1" ind2="#"><subfield code="a">Bulletin des bibliothèques de France</subfield><subfield code="b">(Imprimé)</subfield></datafield><datafield tag="531" ind1="#" ind2="#"><subfield code="a">Bull. bibl. Fr.</subfield><subfield code="b">(Impr.)</subfield></datafield><datafield tag="606" ind1="#" ind2="#"><subfield code="3">027229408</subfield><subfield code="a">Bibliothéconomie</subfield><subfield code="3">027226794</subfield><subfield code="y">France</subfield><subfield code="2">rameau</subfield></datafield><datafield tag="606" ind1="#" ind2="#"><subfield code="1">178</subfield><subfield code="a">Revues professionnelles</subfield><subfield code="2">CAPA</subfield></datafield><datafield tag="606" ind1="#" ind2="#"><subfield code="1">423</subfield><subfield code="a">Y I. Collections périodiques littéraires, revues</subfield><subfield code="2">Classification de la Bibliothèque des Archives nationales</subfield></datafield><datafield tag="608" ind1="#" ind2="#"><subfield code="3">02724640X</subfield><subfield code="a">Périodique</subfield><subfield code="2">rameau</subfield></datafield><datafield tag="675" ind1="#" ind2="#"><subfield code="a">02</subfield></datafield><datafield tag="675" ind1="#" ind2="#"><subfield code="a">61</subfield></datafield><datafield tag="675" ind1="#" ind2="#"><subfield code="a">72</subfield></datafield><datafield tag="675" ind1="#" ind2="#"><subfield code="a">01</subfield></datafield><datafield tag="676" ind1="#" ind2="#"><subfield code="a">020</subfield></datafield><datafield tag="686" ind1="#" ind2="#"><subfield code="a">AA0386</subfield></datafield><datafield tag="686" ind1="#" ind2="#"><subfield code="1">88</subfield><subfield code="a">020.5</subfield><subfield code="2">DEWBSG</subfield></datafield><datafield tag="710" ind1="0" ind2="2"><subfield code="3">033425922</subfield><subfield code="a">France</subfield><subfield code="b">Direction des bibliothèques et de la lecture publique</subfield><subfield code="c">....-1975</subfield><subfield code="4">651</subfield></datafield><datafield tag="711" ind1="0" ind2="2"><subfield code="3">033064377</subfield><subfield code="a">École nationale supérieure des sciences de l&apos;information et des bibliothèques</subfield><subfield code="c">Villeurbanne, Rhône</subfield><subfield code="4">651</subfield></datafield><datafield tag="711" ind1="0" ind2="2"><subfield code="3">026375176</subfield><subfield code="a">École nationale supérieure des bibliothèques</subfield><subfield code="c">Villeurbanne, Rhône</subfield><subfield code="c">1963-1992</subfield><subfield code="4">651</subfield></datafield><datafield tag="801" ind1="#" ind2="0"><subfield code="a">FR</subfield><subfield code="b">FR-751131015</subfield><subfield code="c">19900809</subfield><subfield code="g">AFNOR</subfield><subfield code="2">intermrc</subfield></datafield><datafield tag="801" ind1="#" ind2="3"><subfield code="a">FR</subfield><subfield code="b">ISSN France</subfield><subfield code="c">20220420</subfield></datafield><datafield tag="802" ind1="#" ind2="#"><subfield code="a">07</subfield></datafield><datafield tag="830" ind1="#" ind2="#"><subfield code="a">Réforme Rameau Genre-Forme retro périos (ne pas supprimer)</subfield></datafield><datafield tag="930" ind1="#" ind2="#"><subfield code="5">315555245:22804948201</subfield><subfield code="b">315555245</subfield><subfield code="j">f</subfield></datafield><datafield tag="955" ind1="4" ind2="1"><subfield code="5">315555245:22804948201</subfield><subfield code="b">1</subfield><subfield code="i">1998</subfield><subfield code="b">5</subfield><subfield code="i">2004</subfield><subfield code="r">no. 1 (1998) - no. 5  (2004)</subfield></datafield><datafield tag="940" ind1=" " ind2=" "><subfield code="5">315555245:22804948201</subfield><subfield code="a">20050411</subfield><subfield code="b">xF</subfield></datafield><datafield tag="941" ind1=" " ind2=" "><subfield code="5">315555245:22804948201</subfield><subfield code="a">20050411</subfield><subfield code="b">18:32:10.000</subfield></datafield></record>