<record><leader>     cas0 22        450 </leader><controlfield tag="001">039959481</controlfield><controlfield tag="002">4,15,21,24,36,41,45,49,50,56,59,63,67,74,75,80,90,102,146,190,201,204,215,222,223,230,231,232,233,402,408,418,427,428</controlfield><controlfield tag="003">https://www.sudoc.fr/039959481</controlfield><controlfield tag="004">19940308</controlfield><controlfield tag="005">20240619112553.000</controlfield><controlfield tag="006">9999</controlfield><controlfield tag="007">751065210</controlfield><controlfield tag="008">Abx3</controlfield><datafield tag="011" ind1="#" ind2="#"><subfield code="a">0870-3841</subfield><subfield code="f">0870-3841</subfield></datafield><datafield tag="033" ind1="#" ind2="#"><subfield code="a">https://catalogue.bnf.fr/ark:/12148/cb344650273</subfield><subfield code="2">BNF</subfield><subfield code="d">20230511</subfield></datafield><datafield tag="034" ind1=" " ind2=" "><subfield code="a">OCoLC</subfield><subfield code="0">3611474</subfield></datafield><datafield tag="035" ind1="#" ind2="#"><subfield code="a">ccn0870-3841</subfield></datafield><datafield tag="035" ind1="#" ind2="#"><subfield code="a">issn08703841</subfield></datafield><datafield tag="035" ind1="#" ind2="#"><subfield code="1">56</subfield><subfield code="a">135740</subfield></datafield><datafield tag="035" ind1="#" ind2="#"><subfield code="1">74</subfield><subfield code="a">ALP291348</subfield></datafield><datafield tag="035" ind1="#" ind2="#"><subfield code="1">418</subfield><subfield code="a">36387</subfield></datafield><datafield tag="100" ind1="#" ind2="#"><subfield code="a">19940308b19711996u  y0frec50      ba</subfield><subfield code="Y">0#</subfield><subfield code="A">1971</subfield><subfield code="B">1996</subfield></datafield><datafield tag="101" ind1="0" ind2="#"><subfield code="a">por</subfield><subfield code="2">639-2</subfield></datafield><datafield tag="102" ind1="#" ind2="#"><subfield code="a">PT</subfield></datafield><datafield tag="104" ind1="#" ind2="#"><subfield code="a">u</subfield><subfield code="b">y</subfield><subfield code="c">c</subfield><subfield code="d">ba</subfield><subfield code="e">0</subfield><subfield code="f">fre</subfield></datafield><datafield tag="106" ind1="#" ind2="#"><subfield code="a">r</subfield></datafield><datafield tag="110" ind1="#" ind2="#"><subfield code="a">aga||||0uu|</subfield></datafield><datafield tag="181" ind1="#" ind2="#"><subfield code="6">z01</subfield><subfield code="c">txt</subfield><subfield code="2">rdacontent</subfield></datafield><datafield tag="181" ind1="#" ind2="1"><subfield code="6">z01</subfield><subfield code="a">i#</subfield><subfield code="b">xxxe##</subfield></datafield><datafield tag="182" ind1="#" ind2="#"><subfield code="6">z01</subfield><subfield code="c">n</subfield><subfield code="2">rdamedia</subfield></datafield><datafield tag="182" ind1="#" ind2="1"><subfield code="6">z01</subfield><subfield code="a">n</subfield></datafield><datafield tag="183" ind1="#" ind2="#"><subfield code="6">z01</subfield><subfield code="a">nga</subfield><subfield code="2">RDAfrCarrier</subfield></datafield><datafield tag="200" ind1="1" ind2="#"><subfield code="a">Colóquio Artes</subfield></datafield><datafield tag="207" ind1="#" ind2="0"><subfield code="a">S. 2, a. 13, nº 1 (Fev.1971)-nº 111 (Out./Dez. 1996)</subfield></datafield><datafield tag="210" ind1="#" ind2="#"><subfield code="a">Lisboa</subfield><subfield code="c">Fundação Calouste Gulbenkian</subfield><subfield code="d">1971-1996</subfield></datafield><datafield tag="317" ind1="#" ind2="#"><subfield code="5">341722103:699986885</subfield><subfield code="a">L&apos;exemplaire de la BU Lettres est un don de l&apos;INHA</subfield></datafield><datafield tag="326" ind1="#" ind2="#"><subfield code="a">Trimestriel</subfield></datafield><datafield tag="431" ind1="#" ind2="#"><subfield code="0">03780667X</subfield><subfield code="t">Colóquio (Lisboa)</subfield><subfield code="x">0871-5807</subfield></datafield><datafield tag="517" ind1="#" ind2="#"><subfield code="a">Revista trimestral de artes visuais música e bailado</subfield></datafield><datafield tag="530" ind1="1" ind2="#"><subfield code="a">Colóquio. Artes</subfield></datafield><datafield tag="531" ind1="#" ind2="#"><subfield code="a">Colóq., Artes</subfield></datafield><datafield tag="606" ind1="#" ind2="#"><subfield code="3">027269418</subfield><subfield code="a">Art</subfield><subfield code="z">20e siècle</subfield><subfield code="2">rameau</subfield></datafield><datafield tag="608" ind1="#" ind2="#"><subfield code="3">02724640X</subfield><subfield code="a">Périodique</subfield><subfield code="2">rameau</subfield></datafield><datafield tag="675" ind1="#" ind2="#"><subfield code="a">7</subfield></datafield><datafield tag="675" ind1="#" ind2="#"><subfield code="a">008</subfield></datafield><datafield tag="675" ind1="#" ind2="#"><subfield code="a">8</subfield></datafield><datafield tag="676" ind1="#" ind2="#"><subfield code="a">700</subfield></datafield><datafield tag="676" ind1="#" ind2="#"><subfield code="a">709.04</subfield></datafield><datafield tag="710" ind1="0" ind2="2"><subfield code="3">026450488</subfield><subfield code="a">Fundação Calouste Gulbenkian</subfield><subfield code="c">Lisbonne</subfield><subfield code="4">651</subfield></datafield><datafield tag="712" ind1="0" ind2="2"><subfield code="a">Fundação Calouste Gulbenkian</subfield><subfield code="4">651</subfield></datafield><datafield tag="801" ind1="#" ind2="3"><subfield code="a">FR</subfield><subfield code="b">Abes</subfield><subfield code="c">20240619</subfield><subfield code="g">AFNOR</subfield></datafield><datafield tag="801" ind1="#" ind2="3"><subfield code="a">FR</subfield><subfield code="b">ISSN</subfield><subfield code="c">20230601</subfield></datafield><datafield tag="802" ind1="#" ind2="#"><subfield code="a">18</subfield></datafield><datafield tag="830" ind1="#" ind2="#"><subfield code="a">Réforme Rameau Genre-Forme retro pe��rios (ne pas supprimer)</subfield></datafield><datafield tag="930" ind1="#" ind2="#"><subfield code="5">315555245:23745305301</subfield><subfield code="b">315555245</subfield><subfield code="j">f</subfield></datafield><datafield tag="955" ind1="4" ind2="1"><subfield code="5">315555245:23745305301</subfield><subfield code="b">31</subfield><subfield code="i">1977</subfield></datafield><datafield tag="955" ind1="4" ind2="1"><subfield code="5">315555245:23745305301</subfield><subfield code="b">42</subfield><subfield code="i">1979</subfield></datafield><datafield tag="955" ind1="4" ind2="1"><subfield code="5">315555245:23745305301</subfield><subfield code="b">49</subfield><subfield code="i">1981</subfield></datafield><datafield tag="955" ind1="4" ind2="1"><subfield code="5">315555245:23745305301</subfield><subfield code="b">55</subfield><subfield code="i">1982</subfield></datafield><datafield tag="955" ind1="4" ind2="1"><subfield code="5">315555245:23745305301</subfield><subfield code="b">67</subfield><subfield code="i">1985</subfield></datafield><datafield tag="955" ind1="4" ind2="1"><subfield code="5">315555245:23745305301</subfield><subfield code="b">70</subfield><subfield code="i">1986</subfield><subfield code="b">78</subfield><subfield code="i">1988</subfield></datafield><datafield tag="955" ind1="4" ind2="1"><subfield code="5">315555245:23745305301</subfield><subfield code="b">82</subfield><subfield code="i">1989</subfield><subfield code="b">84</subfield><subfield code="i">1990</subfield></datafield><datafield tag="955" ind1="4" ind2="1"><subfield code="5">315555245:23745305301</subfield><subfield code="b">86</subfield><subfield code="i">1990</subfield><subfield code="b">100</subfield><subfield code="i">1994</subfield><subfield code="r">no. 31 (1977) ; no. 42 (1979) ; no. 49 (1981) ; no. 55 (1982) ; no. 67 (1985) ; no. 70 (1986) - no. 78  (1988) ; no. 82 (1989) - no. 84  (1990) ; no. 86 (1990) - no. 100  (1994)</subfield></datafield><datafield tag="940" ind1=" " ind2=" "><subfield code="5">315555245:23745305301</subfield><subfield code="a">20050726</subfield><subfield code="b">rF</subfield></datafield><datafield tag="941" ind1=" " ind2=" "><subfield code="5">315555245:23745305301</subfield><subfield code="a">20050726</subfield><subfield code="b">17:56:27.000</subfield></datafield></record>