<record><leader>     cas0 22        450 </leader><controlfield tag="001">040111970</controlfield><controlfield tag="002">50,51,80,90,102,201,204,215,220,222,223,226,227,229,230,232,233,408,412,414,418</controlfield><controlfield tag="003">https://www.sudoc.fr/040111970</controlfield><controlfield tag="004">19940104</controlfield><controlfield tag="005">20241022105429.000</controlfield><controlfield tag="006">9999</controlfield><controlfield tag="007">1998</controlfield><controlfield tag="008">Abx3</controlfield><datafield tag="011" ind1="#" ind2="#"><subfield code="a">1244-6874</subfield><subfield code="f">1244-6874</subfield></datafield><datafield tag="033" ind1="#" ind2="#"><subfield code="a">https://catalogue.bnf.fr/ark:/12148/cb344903605</subfield><subfield code="2">BNF</subfield><subfield code="d">20191108</subfield></datafield><datafield tag="034" ind1=" " ind2=" "><subfield code="a">OCoLC</subfield><subfield code="0">474176317</subfield></datafield><datafield tag="035" ind1=" " ind2=" "><subfield code="a">094563330</subfield><subfield code="9">sudoc</subfield></datafield><datafield tag="035" ind1="#" ind2="#"><subfield code="a">ccn1244-6874</subfield></datafield><datafield tag="035" ind1="#" ind2="#"><subfield code="a">issn12446874</subfield></datafield><datafield tag="035" ind1="#" ind2="#"><subfield code="1">418</subfield><subfield code="a">36410</subfield></datafield><datafield tag="100" ind1="#" ind2="#"><subfield code="a">19940104b19921998u  y1frey50      ba</subfield><subfield code="Y">0#</subfield><subfield code="A">1992</subfield><subfield code="B">1998</subfield></datafield><datafield tag="101" ind1="0" ind2="#"><subfield code="a">mul</subfield><subfield code="2">639-2</subfield></datafield><datafield tag="102" ind1="#" ind2="#"><subfield code="a">FR</subfield></datafield><datafield tag="104" ind1="#" ind2="#"><subfield code="a">u</subfield><subfield code="b">y</subfield><subfield code="c">y</subfield><subfield code="d">ba</subfield><subfield code="e">1</subfield><subfield code="f">fre</subfield></datafield><datafield tag="106" ind1="#" ind2="#"><subfield code="a">r</subfield></datafield><datafield tag="110" ind1="#" ind2="#"><subfield code="a">auu||||@uu|</subfield></datafield><datafield tag="181" ind1="#" ind2="#"><subfield code="6">z01</subfield><subfield code="c">txt</subfield><subfield code="2">rdacontent</subfield></datafield><datafield tag="181" ind1="#" ind2="#"><subfield code="6">z02</subfield><subfield code="c">sti</subfield><subfield code="2">rdacontent</subfield></datafield><datafield tag="181" ind1="#" ind2="1"><subfield code="6">z01</subfield><subfield code="a">i#</subfield><subfield code="b">xxxe##</subfield></datafield><datafield tag="181" ind1="#" ind2="1"><subfield code="6">z02</subfield><subfield code="a">b#</subfield><subfield code="b">xb2e##</subfield></datafield><datafield tag="182" ind1="#" ind2="#"><subfield code="6">z01</subfield><subfield code="c">n</subfield><subfield code="2">rdamedia</subfield></datafield><datafield tag="182" ind1="#" ind2="#"><subfield code="6">z02</subfield><subfield code="c">n</subfield><subfield code="2">rdamedia</subfield></datafield><datafield tag="182" ind1="#" ind2="1"><subfield code="6">z01</subfield><subfield code="a">n</subfield></datafield><datafield tag="182" ind1="#" ind2="1"><subfield code="6">z02</subfield><subfield code="a">n</subfield></datafield><datafield tag="183" ind1="#" ind2="#"><subfield code="6">z01</subfield><subfield code="6">z02</subfield><subfield code="a">nga</subfield><subfield code="2">RDAfrCarrier</subfield></datafield><datafield tag="200" ind1="1" ind2="#"><subfield code="a">Purple prose</subfield></datafield><datafield tag="214" ind1="#" ind2="0"><subfield code="a">Paris</subfield><subfield code="c">Association Belle Haleine</subfield><subfield code="d">1992-1998</subfield></datafield><datafield tag="302" ind1="#" ind2="#"><subfield code="a">Multilingue</subfield></datafield><datafield tag="319" ind1="#" ind2="#"><subfield code="5">751062312:220621004</subfield><subfield code="a">Reproductible</subfield></datafield><datafield tag="447" ind1="#" ind2="#"><subfield code="0">040496929</subfield><subfield code="t">Purple fashion</subfield><subfield code="x">1274-2368</subfield></datafield><datafield tag="447" ind1="#" ind2="#"><subfield code="0">040496910</subfield><subfield code="t">Purple fiction</subfield><subfield code="x">1274-235X</subfield></datafield><datafield tag="447" ind1="#" ind2="#"><subfield code="0">045055610</subfield><subfield code="t">Purple sexe</subfield><subfield code="x">1287-5848</subfield></datafield><datafield tag="447" ind1="#" ind2="#"><subfield code="0">045090874</subfield><subfield code="t">Purple (Paris)</subfield><subfield code="x">1294-4734</subfield></datafield><datafield tag="530" ind1="0" ind2="#"><subfield code="a">Purple prose</subfield></datafield><datafield tag="606" ind1="#" ind2="#"><subfield code="3">027269418</subfield><subfield code="a">Art</subfield><subfield code="z">20e siècle</subfield><subfield code="2">rameau</subfield></datafield><datafield tag="608" ind1="#" ind2="#"><subfield code="3">027246892</subfield><subfield code="a">Photographie artistique</subfield><subfield code="2">rameau</subfield></datafield><datafield tag="608" ind1="#" ind2="#"><subfield code="3">02724640X</subfield><subfield code="a">Périodiques</subfield><subfield code="2">rameau</subfield></datafield><datafield tag="675" ind1="#" ind2="#"><subfield code="a">347.784</subfield></datafield><datafield tag="675" ind1="#" ind2="#"><subfield code="a">746.4</subfield></datafield><datafield tag="675" ind1="#" ind2="#"><subfield code="a">82</subfield></datafield><datafield tag="675" ind1="#" ind2="#"><subfield code="a">301</subfield></datafield><datafield tag="675" ind1="#" ind2="#"><subfield code="a">008</subfield></datafield><datafield tag="676" ind1="#" ind2="#"><subfield code="a">700</subfield></datafield><datafield tag="676" ind1="#" ind2="#"><subfield code="a">746.92</subfield></datafield><datafield tag="676" ind1="#" ind2="#"><subfield code="a">301</subfield></datafield><datafield tag="676" ind1="#" ind2="#"><subfield code="a">805</subfield></datafield><datafield tag="712" ind1="0" ind2="2"><subfield code="3">034020942</subfield><subfield code="a">Association Belle haleine</subfield><subfield code="c">Paris</subfield><subfield code="4">340</subfield></datafield><datafield tag="801" ind1="#" ind2="3"><subfield code="a">FR</subfield><subfield code="b">ISSN</subfield><subfield code="c">20000630</subfield></datafield><datafield tag="802" ind1="#" ind2="#"><subfield code="a">07</subfield></datafield><datafield tag="830" ind1="#" ind2="#"><subfield code="a">Réforme Rameau Genre-Forme retro périos (ne pas supprimer)</subfield></datafield><datafield tag="830" ind1="#" ind2="#"><subfield code="a">Réforme Rameau Genre-Forme retro photographies (ne pas supprimer)</subfield></datafield><datafield tag="930" ind1="#" ind2="#"><subfield code="5">315555245:23737329701</subfield><subfield code="b">315555245</subfield><subfield code="j">f</subfield></datafield><datafield tag="955" ind1="4" ind2="1"><subfield code="5">315555245:23737329701</subfield><subfield code="b">1</subfield><subfield code="i">1992</subfield><subfield code="b">5</subfield><subfield code="i">1994</subfield></datafield><datafield tag="955" ind1="4" ind2="1"><subfield code="5">315555245:23737329701</subfield><subfield code="b">8</subfield><subfield code="i">1995</subfield><subfield code="b">13</subfield><subfield code="i">1998</subfield><subfield code="r">no. 1 (1992) - no. 5  (1994) ; no. 8 (1995) - no. 13  (1998)</subfield></datafield><datafield tag="940" ind1=" " ind2=" "><subfield code="5">315555245:23737329701</subfield><subfield code="a">20050725</subfield><subfield code="b">rF</subfield></datafield><datafield tag="941" ind1=" " ind2=" "><subfield code="5">315555245:23737329701</subfield><subfield code="a">20050725</subfield><subfield code="b">18:20:57.000</subfield></datafield></record>