<record><leader>     cas0 22        450 </leader><controlfield tag="001">039960498</controlfield><controlfield tag="002">12,35,42,45,50,61,67,72,75,201,204,205,206,209,219,220,222,223,226,227,229,230,232,233,427</controlfield><controlfield tag="003">https://www.sudoc.fr/039960498</controlfield><controlfield tag="004">19911120</controlfield><controlfield tag="005">20250630112045.000</controlfield><controlfield tag="006">9999</controlfield><controlfield tag="007">751065210</controlfield><controlfield tag="008">Abx3</controlfield><datafield tag="011" ind1="#" ind2="#"><subfield code="a">1162-8731</subfield><subfield code="f">1162-8731</subfield></datafield><datafield tag="033" ind1="#" ind2="#"><subfield code="a">https://catalogue.bnf.fr/ark:/12148/cb344486094</subfield><subfield code="2">BNF</subfield><subfield code="d">20191219</subfield></datafield><datafield tag="034" ind1=" " ind2=" "><subfield code="a">OCoLC</subfield><subfield code="0">421711673</subfield></datafield><datafield tag="035" ind1="#" ind2="#"><subfield code="a">ccn1162-8731</subfield><subfield code="z">ccn7205/5901</subfield></datafield><datafield tag="035" ind1="#" ind2="#"><subfield code="a">issn11628731</subfield></datafield><datafield tag="100" ind1="#" ind2="#"><subfield code="a">19911120a19919999u  y0frey50      ba</subfield><subfield code="Y">0#</subfield><subfield code="A">1991</subfield><subfield code="D">1991-...</subfield></datafield><datafield tag="101" ind1="0" ind2="#"><subfield code="a">fre</subfield><subfield code="2">639-2</subfield></datafield><datafield tag="102" ind1="#" ind2="#"><subfield code="a">FR</subfield></datafield><datafield tag="104" ind1="#" ind2="#"><subfield code="a">u</subfield><subfield code="b">y</subfield><subfield code="c">y</subfield><subfield code="d">ba</subfield><subfield code="e">0</subfield><subfield code="f">fre</subfield></datafield><datafield tag="106" ind1="#" ind2="#"><subfield code="a">r</subfield></datafield><datafield tag="110" ind1="#" ind2="#"><subfield code="a">agu||||@uu|</subfield></datafield><datafield tag="181" ind1="#" ind2="#"><subfield code="6">z01</subfield><subfield code="c">txt</subfield><subfield code="2">rdacontent</subfield></datafield><datafield tag="181" ind1="#" ind2="1"><subfield code="6">z01</subfield><subfield code="a">i#</subfield><subfield code="b">xxxe##</subfield></datafield><datafield tag="182" ind1="#" ind2="#"><subfield code="6">z01</subfield><subfield code="c">n</subfield><subfield code="2">rdamedia</subfield></datafield><datafield tag="182" ind1="#" ind2="1"><subfield code="6">z01</subfield><subfield code="a">n</subfield></datafield><datafield tag="183" ind1="#" ind2="#"><subfield code="6">z01</subfield><subfield code="a">nga</subfield><subfield code="2">RDAfrCarrier</subfield></datafield><datafield tag="200" ind1="1" ind2="#"><subfield code="a">Technikart</subfield><subfield code="e">news, culture &amp; société</subfield></datafield><datafield tag="207" ind1="#" ind2="0"><subfield code="a">N° 111 (1991, sept./oct.)-n° 19/n° 1, n.s. (1995, oct./déc.) ; N.s., n° 19/n° 1 (1995, oct./déc.)-</subfield></datafield><datafield tag="210" ind1="#" ind2="#"><subfield code="a">Paris</subfield><subfield code="c">Art-venir</subfield><subfield code="c">Ideo clean</subfield><subfield code="d">1991-</subfield></datafield><datafield tag="215" ind1="#" ind2="#"><subfield code="c">Couv.ill.en coul.</subfield><subfield code="d">29,5cm</subfield></datafield><datafield tag="326" ind1="#" ind2="#"><subfield code="a">Mensuel</subfield></datafield><datafield tag="326" ind1="#" ind2="#"><subfield code="a">Bimestr.</subfield></datafield><datafield tag="421" ind1="#" ind2="#"><subfield code="0">169411257</subfield><subfield code="t">Grand seigneur</subfield><subfield code="x">2265-6456</subfield></datafield><datafield tag="421" ind1="#" ind2="#"><subfield code="0">167857274</subfield><subfield code="t">Technikart. SuperCannes</subfield><subfield code="x">2264-4792</subfield></datafield><datafield tag="421" ind1="#" ind2="#"><subfield code="0">16785724X</subfield><subfield code="t">Technikart. Fotofever</subfield><subfield code="x">2264-4776</subfield></datafield><datafield tag="421" ind1="#" ind2="#"><subfield code="0">167857223</subfield><subfield code="t">Technikart. Hors-série Art</subfield><subfield code="x">2264-475X</subfield></datafield><datafield tag="421" ind1="#" ind2="#"><subfield code="0">167857118</subfield><subfield code="t">Technikart Japon</subfield><subfield code="x">2264-4547</subfield></datafield><datafield tag="421" ind1="#" ind2="#"><subfield code="0">168227746</subfield><subfield code="t">Technikart China</subfield><subfield code="x">2264-444X</subfield></datafield><datafield tag="421" ind1="#" ind2="#"><subfield code="0">167494090</subfield><subfield code="t">Technikart US</subfield><subfield code="x">2326-3563</subfield></datafield><datafield tag="421" ind1="#" ind2="#"><subfield code="0">126740372</subfield><subfield code="t">Technikart mademoiselle</subfield><subfield code="x">1964-9401</subfield></datafield><datafield tag="421" ind1="#" ind2="#"><subfield code="0">045079072</subfield><subfield code="t">Technikart. Hors-série (Paris)</subfield><subfield code="x">1292-0770</subfield></datafield><datafield tag="423" ind1="#" ind2="#"><subfield code="0">143730312</subfield><subfield code="t">New London (Paris)</subfield><subfield code="x">1967-7103</subfield></datafield><datafield tag="423" ind1="#" ind2="#"><subfield code="0">131699172</subfield><subfield code="t">La Revue (Ideo Clean)</subfield><subfield code="x">1967-5763</subfield></datafield><datafield tag="517" ind1="#" ind2="#"><subfield code="a">TechnikartParis</subfield></datafield><datafield tag="517" ind1="#" ind2="#"><subfield code="a">Technikart (Paris)</subfield></datafield><datafield tag="530" ind1="1" ind2="#"><subfield code="a">Technik&apos;art</subfield><subfield code="b">(Paris)</subfield></datafield><datafield tag="606" ind1="#" ind2="#"><subfield code="3">02734827X</subfield><subfield code="a">Art et société</subfield><subfield code="2">rameau</subfield></datafield><datafield tag="606" ind1="#" ind2="#"><subfield code="3">027269418</subfield><subfield code="a">Art</subfield><subfield code="z">20e siècle</subfield><subfield code="2">rameau</subfield></datafield><datafield tag="606" ind1="#" ind2="#"><subfield code="3">027269302</subfield><subfield code="a">Art</subfield><subfield code="3">050665391</subfield><subfield code="z">2000-....</subfield><subfield code="2">rameau</subfield></datafield><datafield tag="608" ind1="#" ind2="#"><subfield code="3">02724640X</subfield><subfield code="a">Périodique</subfield><subfield code="2">rameau</subfield></datafield><datafield tag="675" ind1="#" ind2="#"><subfield code="a">7.01</subfield></datafield><datafield tag="675" ind1="#" ind2="#"><subfield code="a">746.4</subfield></datafield><datafield tag="676" ind1="#" ind2="#"><subfield code="a">700</subfield></datafield><datafield tag="801" ind1="#" ind2="3"><subfield code="a">FR</subfield><subfield code="b">Abes</subfield><subfield code="c">20250630</subfield><subfield code="g">AFNOR</subfield></datafield><datafield tag="801" ind1="#" ind2="3"><subfield code="a">FR</subfield><subfield code="b">ISSN</subfield><subfield code="c">20141003</subfield></datafield><datafield tag="802" ind1="#" ind2="#"><subfield code="a">07</subfield></datafield><datafield tag="830" ind1="#" ind2="#"><subfield code="a">Réforme Rameau Genre-Forme retro périos (ne pas supprimer)</subfield></datafield><datafield tag="930" ind1="#" ind2="#"><subfield code="5">315555245:22773671001</subfield><subfield code="b">315555245</subfield><subfield code="j">f</subfield></datafield><datafield tag="955" ind1="4" ind2="1"><subfield code="5">315555245:22773671001</subfield><subfield code="b">10</subfield><subfield code="i">1997</subfield><subfield code="b">11</subfield><subfield code="i">1997</subfield></datafield><datafield tag="955" ind1="4" ind2="1"><subfield code="5">315555245:22773671001</subfield><subfield code="b">18</subfield><subfield code="i">1997</subfield></datafield><datafield tag="955" ind1="4" ind2="1"><subfield code="5">315555245:22773671001</subfield><subfield code="b">44</subfield><subfield code="i">2000</subfield><subfield code="i"/><subfield code="j"/><subfield code="k"/><subfield code="a"/><subfield code="b"/><subfield code="c"/><subfield code="r">no. 10 (1997) - no. 11  (1997) ; no. 18 (1997) ; no. 44 (2000)-....</subfield></datafield><datafield tag="940" ind1=" " ind2=" "><subfield code="5">315555245:22773671001</subfield><subfield code="a">20050405</subfield><subfield code="b">xO</subfield></datafield><datafield tag="941" ind1=" " ind2=" "><subfield code="5">315555245:22773671001</subfield><subfield code="a">20050405</subfield><subfield code="b">19:29:34.000</subfield></datafield></record>