<record><leader>     cas0 22        450 </leader><controlfield tag="001">060119365</controlfield><controlfield tag="002">1,4,8,9,10,11,12,15,18,19,20,21,22,23,24,25,27,29,31,35,36,37,38,40,42,45,46,49,50,51,53,54,55,56,57,58,59,60,62,63,67,68,70,71,72,73,75,80,82,83,84,85,86,88,90,91,96,99,100,101,102,104,105,108,124,130,137,155,167,174,178,189,200,201,202,203,204,205,206,207,209,210,215,217,218,219,220,222,223,226,227,228,229,230,231,232,233,402,418,427,432,438,439</controlfield><controlfield tag="003">https://www.sudoc.fr/060119365</controlfield><controlfield tag="004">20020319</controlfield><controlfield tag="005">20250828035603.000</controlfield><controlfield tag="006">751052304</controlfield><controlfield tag="007">1999</controlfield><controlfield tag="008">Abx3</controlfield><datafield tag="011" ind1="0" ind2="#"><subfield code="a">1632-9201</subfield><subfield code="f">1632-9201</subfield></datafield><datafield tag="033" ind1="#" ind2="#"><subfield code="a">https://reseau-mirabel.info/revue/titre-id/491</subfield><subfield code="2">Mir@bel</subfield><subfield code="d">20200715</subfield></datafield><datafield tag="033" ind1="#" ind2="#"><subfield code="a">https://catalogue.bnf.fr/ark:/12148/cb38815867r</subfield><subfield code="2">BNF</subfield><subfield code="d">20191112</subfield></datafield><datafield tag="034" ind1=" " ind2=" "><subfield code="a">OCoLC</subfield><subfield code="0">49789865</subfield></datafield><datafield tag="035" ind1=" " ind2=" "><subfield code="a">073572012</subfield><subfield code="9">sudoc</subfield></datafield><datafield tag="035" ind1=" " ind2=" "><subfield code="a">073871869</subfield><subfield code="9">sudoc</subfield></datafield><datafield tag="035" ind1="#" ind2="#"><subfield code="a">MIR_491</subfield></datafield><datafield tag="035" ind1="#" ind2="#"><subfield code="a">issn16329201</subfield></datafield><datafield tag="035" ind1="#" ind2="#"><subfield code="a">FRBNF388158670000009</subfield><subfield code="d">20220926</subfield></datafield><datafield tag="035" ind1="#" ind2="#"><subfield code="1">38</subfield><subfield code="a">IULY28921</subfield></datafield><datafield tag="035" ind1="#" ind2="#"><subfield code="1">54</subfield><subfield code="a">alp161184</subfield></datafield><datafield tag="035" ind1="#" ind2="#"><subfield code="1">70</subfield><subfield code="a">01-0141549</subfield></datafield><datafield tag="035" ind1="#" ind2="#"><subfield code="1">71</subfield><subfield code="a">53646</subfield></datafield><datafield tag="035" ind1="#" ind2="#"><subfield code="1">75</subfield><subfield code="a">198</subfield></datafield><datafield tag="035" ind1="#" ind2="#"><subfield code="1">82</subfield><subfield code="a">ALP298727</subfield></datafield><datafield tag="035" ind1="#" ind2="#"><subfield code="1">84</subfield><subfield code="a">ALP0151737</subfield></datafield><datafield tag="035" ind1="#" ind2="#"><subfield code="1">105</subfield><subfield code="a">01-0171351</subfield></datafield><datafield tag="035" ind1="#" ind2="#"><subfield code="1">202</subfield><subfield code="a">683570</subfield></datafield><datafield tag="035" ind1="#" ind2="#"><subfield code="1">418</subfield><subfield code="a">36364</subfield></datafield><datafield tag="100" ind1="#" ind2="#"><subfield code="a">20020319a20029999u  y0frey50      ba</subfield><subfield code="Y">0#</subfield><subfield code="A">2002</subfield><subfield code="D">2002-...</subfield></datafield><datafield tag="101" ind1="0" ind2="#"><subfield code="a">fre</subfield><subfield code="2">639-2</subfield></datafield><datafield tag="102" ind1="#" ind2="#"><subfield code="a">FR</subfield></datafield><datafield tag="104" ind1="#" ind2="#"><subfield code="a">u</subfield><subfield code="b">y</subfield><subfield code="c">y</subfield><subfield code="d">ba</subfield><subfield code="e">0</subfield><subfield code="f">fre</subfield></datafield><datafield tag="106" ind1="#" ind2="#"><subfield code="a">r</subfield></datafield><datafield tag="110" ind1="#" ind2="#"><subfield code="a">jgazaab0|||</subfield></datafield><datafield tag="181" ind1="#" ind2="#"><subfield code="6">z01</subfield><subfield code="c">txt</subfield><subfield code="2">rdacontent</subfield></datafield><datafield tag="181" ind1="#" ind2="1"><subfield code="6">z01</subfield><subfield code="a">i#</subfield><subfield code="b">xxxe##</subfield></datafield><datafield tag="182" ind1="#" ind2="#"><subfield code="6">z01</subfield><subfield code="c">n</subfield><subfield code="2">rdamedia</subfield></datafield><datafield tag="182" ind1="#" ind2="1"><subfield code="6">z01</subfield><subfield code="a">n</subfield></datafield><datafield tag="183" ind1="#" ind2="#"><subfield code="6">z01</subfield><subfield code="a">nga</subfield><subfield code="2">RDAfrCarrier</subfield></datafield><datafield tag="200" ind1="1" ind2="#"><subfield code="a">BIBLIOthèque(s)</subfield><subfield code="e">revue de l&apos;Association des bibliothécaires français</subfield></datafield><datafield tag="207" ind1="#" ind2="1"><subfield code="a">N°1 (2002, mars)- N° 101 (2020) ; no. 104 (2025)-</subfield></datafield><datafield tag="214" ind1="#" ind2="0"><subfield code="a">Paris</subfield><subfield code="b">31 rue de Chabrol ; 75010</subfield><subfield code="c">Association des bibliothécaires français</subfield><subfield code="d">2002-</subfield></datafield><datafield tag="214" ind1="1" ind2="0"><subfield code="a">Paris</subfield><subfield code="b">31 rue de Chabrol ; 75010</subfield><subfield code="c">Association des bibliothécaires de France</subfield><subfield code="d">2006-</subfield></datafield><datafield tag="215" ind1="#" ind2="#"><subfield code="d">30 cm</subfield></datafield><datafield tag="300" ind1="#" ind2="#"><subfield code="a">Le n° 102/103 est disponible uniquement sous format PDF (accès payant)</subfield></datafield><datafield tag="304" ind1="#" ind2="#"><subfield code="a">Dir. publ. Gérard Briand puis Gilles Eboli</subfield></datafield><datafield tag="305" ind1="#" ind2="#"><subfield code="a">N°102/103 (2020) disponible uniquement en PDF sur le site de l&apos;ABF</subfield></datafield><datafield tag="305" ind1="#" ind2="#"><subfield code="a">La revue cesse de paraître entre 2021 et 2025</subfield></datafield><datafield tag="312" ind1="#" ind2="#"><subfield code="a">Autre forme de titre : Bibliothèque (Paris)</subfield></datafield><datafield tag="312" ind1="#" ind2="#"><subfield code="a">Autre forme de titre : BIBLIOthèque(s)</subfield></datafield><datafield tag="316" ind1="#" ind2="#"><subfield code="5">751132105:20173995X</subfield><subfield code="a">Abonnements UPDI</subfield></datafield><datafield tag="316" ind1="#" ind2="#"><subfield code="5">751182101:475524365</subfield><subfield code="a">Abonnements UPDI</subfield></datafield><datafield tag="316" ind1="#" ind2="#"><subfield code="5">751132108:149084048</subfield><subfield code="a">Documentation interne</subfield></datafield><datafield tag="321" ind1="#" ind2="#"><subfield code="a">Sommaires en ligne</subfield><subfield code="u">http://www.abf.asso.fr/</subfield></datafield><datafield tag="326" ind1="#" ind2="#"><subfield code="a">Semestriel</subfield><subfield code="b">2025-</subfield></datafield><datafield tag="326" ind1="#" ind2="#"><subfield code="a">Trimestriel</subfield><subfield code="b">2014-2020</subfield></datafield><datafield tag="326" ind1="#" ind2="#"><subfield code="a">Bimestriel</subfield><subfield code="b">2002-2013</subfield></datafield><datafield tag="421" ind1="#" ind2="#"><subfield code="0">076263924</subfield><subfield code="t">Le Journal - Association des bibliothécaires français,  Groupe Centre</subfield><subfield code="x">1761-9718</subfield></datafield><datafield tag="430" ind1="#" ind2="#"><subfield code="0">039219895</subfield><subfield code="t">Bulletin d&apos;informations (Association des bibliothécaires français)</subfield><subfield code="x">0004-5365</subfield></datafield><datafield tag="442" ind1="#" ind2="#"><subfield code="0">175790116</subfield><subfield code="t">Bibliothèque(s) (En ligne)</subfield><subfield code="x">2270-4620</subfield></datafield><datafield tag="452" ind1="#" ind2="#"><subfield code="0">175790116</subfield><subfield code="t">Bibliothèque(s) (En ligne)</subfield><subfield code="x">2270-4620</subfield></datafield><datafield tag="517" ind1="#" ind2="#"><subfield code="a">ABF Bibliothèque(s)</subfield><subfield code="e">revue de l&apos;Association des bibliothécaires français</subfield></datafield><datafield tag="517" ind1="#" ind2="#"><subfield code="a">Bibliothèque(s)</subfield><subfield code="e">revue de l&apos;Association des bibliothécaires de France et non français</subfield></datafield><datafield tag="517" ind1="#" ind2="#"><subfield code="a">Bibliothèques (Paris)</subfield></datafield><datafield tag="517" ind1="#" ind2="#"><subfield code="a">Bibliothèque (Paris)</subfield></datafield><datafield tag="517" ind1="#" ind2="#"><subfield code="a">Bibliothèque(s)</subfield></datafield><datafield tag="530" ind1="1" ind2="#"><subfield code="a">Bibliothèques</subfield><subfield code="b">(Paris. 2002)</subfield></datafield><datafield tag="531" ind1="#" ind2="#"><subfield code="a">Bibliothèques</subfield><subfield code="b">(Paris, 2002)</subfield></datafield><datafield tag="606" ind1="#" ind2="#"><subfield code="3">027229424</subfield><subfield code="a">Bibliothèques</subfield><subfield code="3">050665391</subfield><subfield code="z">2000-....</subfield><subfield code="2">rameau</subfield></datafield><datafield tag="606" ind1="#" ind2="#"><subfield code="3">027386996</subfield><subfield code="a">Bibliothécaires</subfield><subfield code="3">027226794</subfield><subfield code="y">France</subfield><subfield code="3">050665391</subfield><subfield code="z">2000-....</subfield><subfield code="2">rameau</subfield></datafield><datafield tag="606" ind1="#" ind2="#"><subfield code="3">040732428</subfield><subfield code="a">Bibliothèques</subfield><subfield code="3">040846709</subfield><subfield code="x">Périodique</subfield><subfield code="2">fmesh</subfield></datafield><datafield tag="606" ind1="#" ind2="#"><subfield code="1">178</subfield><subfield code="a">Revues professionnelles</subfield><subfield code="2">CAPA</subfield></datafield><datafield tag="608" ind1="#" ind2="#"><subfield code="3">02724640X</subfield><subfield code="a">Périodique</subfield><subfield code="2">rameau</subfield></datafield><datafield tag="676" ind1="#" ind2="#"><subfield code="a">020</subfield></datafield><datafield tag="676" ind1="#" ind2="#"><subfield code="a">027.044</subfield><subfield code="v">23</subfield></datafield><datafield tag="680" ind1="#" ind2="#"><subfield code="a">Z671</subfield></datafield><datafield tag="686" ind1="#" ind2="#"><subfield code="a">020</subfield><subfield code="2">Cadre de classement de la Bibliographie nationale française</subfield></datafield><datafield tag="686" ind1="#" ind2="#"><subfield code="1">88</subfield><subfield code="a">020.5</subfield><subfield code="2">DEWBSG</subfield></datafield><datafield tag="700" ind1="#" ind2="1"><subfield code="3">083803912</subfield><subfield code="a">Éboli</subfield><subfield code="b">Gilles</subfield><subfield code="f">1958-....</subfield><subfield code="4">651</subfield></datafield><datafield tag="711" ind1="0" ind2="2"><subfield code="3">035242361</subfield><subfield code="a">Association des bibliothécaires français</subfield><subfield code="4">475</subfield></datafield><datafield tag="711" ind1="0" ind2="2"><subfield code="3">035242361</subfield><subfield code="a">Association des bibliothécaires français</subfield><subfield code="4">651</subfield></datafield><datafield tag="801" ind1="#" ind2="0"><subfield code="a">FR</subfield><subfield code="b">FR-751131015</subfield><subfield code="c">20020418</subfield><subfield code="g">AFNOR</subfield><subfield code="2">intermrc</subfield></datafield><datafield tag="801" ind1="#" ind2="3"><subfield code="a">FR</subfield><subfield code="b">ISSN France</subfield><subfield code="c">20250827</subfield></datafield><datafield tag="802" ind1="#" ind2="#"><subfield code="a">07</subfield></datafield><datafield tag="830" ind1="#" ind2="#"><subfield code="a">Réforme Rameau Genre-Forme retro périos (ne pas supprimer)</subfield></datafield><datafield tag="930" ind1="#" ind2="#"><subfield code="5">315555245:22804913X01</subfield><subfield code="b">315555245</subfield><subfield code="j">f</subfield></datafield><datafield tag="955" ind1="4" ind2="1"><subfield code="5">315555245:22804913X01</subfield><subfield code="b">2</subfield><subfield code="i">2002</subfield><subfield code="i"/><subfield code="j"/><subfield code="k"/><subfield code="a"/><subfield code="b"/><subfield code="c"/><subfield code="r">no. 2 (2002)-....</subfield></datafield><datafield tag="940" ind1=" " ind2=" "><subfield code="5">315555245:22804913X01</subfield><subfield code="a">20050411</subfield><subfield code="b">xO</subfield></datafield><datafield tag="941" ind1=" " ind2=" "><subfield code="5">315555245:22804913X01</subfield><subfield code="a">20050411</subfield><subfield code="b">18:16:53.000</subfield></datafield></record>