<record><leader>     cas0 22        450 </leader><controlfield tag="001">03922824X</controlfield><controlfield tag="002">4,5,10,12,15,16,17,18,21,27,32,35,36,41,42,45,46,49,50,51,54,56,57,59,60,62,63,67,68,70,72,75,82,85,86,88,90,91,96,99,102,104,124,126,135,146,159,165,168,173,174,178,186,190,200,201,202,203,204,205,206,207,209,210,215,219,220,221,222,223,224,225,226,227,228,229,230,231,232,233,235,402,405,407,408,412,416,420,421,423,424,427,428,431,432,437</controlfield><controlfield tag="003">https://www.sudoc.fr/03922824X</controlfield><controlfield tag="004">19901030</controlfield><controlfield tag="005">20230828110211.000</controlfield><controlfield tag="006">9999</controlfield><controlfield tag="007">751052116</controlfield><controlfield tag="008">Abx3</controlfield><datafield tag="011" ind1="#" ind2="#"><subfield code="a">0035-2608</subfield><subfield code="f">0035-2608</subfield></datafield><datafield tag="033" ind1="#" ind2="#"><subfield code="a">https://catalogue.bnf.fr/ark:/12148/cb34349164z</subfield><subfield code="2">BNF</subfield><subfield code="d">20191202</subfield></datafield><datafield tag="033" ind1="#" ind2="#"><subfield code="a">https://reseau-mirabel.info/revue/titre-id/21183</subfield><subfield code="2">Mir@bel</subfield><subfield code="d">20230713</subfield></datafield><datafield tag="034" ind1=" " ind2=" "><subfield code="a">OCoLC</subfield><subfield code="0">185444392</subfield></datafield><datafield tag="035" ind1="#" ind2="#"><subfield code="a">ccn0035-2608</subfield></datafield><datafield tag="035" ind1="#" ind2="#"><subfield code="a">issn00352608</subfield></datafield><datafield tag="035" ind1="#" ind2="#"><subfield code="a">MIR_21183</subfield></datafield><datafield tag="035" ind1="#" ind2="#"><subfield code="1">21</subfield><subfield code="a">162331</subfield></datafield><datafield tag="035" ind1="#" ind2="#"><subfield code="1">54</subfield><subfield code="a">alp130818</subfield></datafield><datafield tag="035" ind1="#" ind2="#"><subfield code="1">70</subfield><subfield code="a">01-0051238</subfield></datafield><datafield tag="035" ind1="#" ind2="#"><subfield code="1">82</subfield><subfield code="a">ALP183941</subfield></datafield><datafield tag="035" ind1="#" ind2="#"><subfield code="1">202</subfield><subfield code="a">162331</subfield></datafield><datafield tag="035" ind1="#" ind2="#"><subfield code="1">407</subfield><subfield code="a">ALP000043929</subfield></datafield><datafield tag="100" ind1="#" ind2="#"><subfield code="a">19901030b19612007k  y0frey50      ba</subfield><subfield code="Y">0#</subfield><subfield code="A">1961</subfield><subfield code="B">2007</subfield></datafield><datafield tag="101" ind1="0" ind2="#"><subfield code="a">fre</subfield><subfield code="2">639-2</subfield></datafield><datafield tag="102" ind1="#" ind2="#"><subfield code="a">FR</subfield></datafield><datafield tag="104" ind1="#" ind2="#"><subfield code="a">k</subfield><subfield code="b">y</subfield><subfield code="c">y</subfield><subfield code="d">ba</subfield><subfield code="e">0</subfield><subfield code="f">fre</subfield></datafield><datafield tag="106" ind1="#" ind2="#"><subfield code="a">r</subfield></datafield><datafield tag="110" ind1="#" ind2="#"><subfield code="a">aza|z  0|||</subfield></datafield><datafield tag="181" ind1="#" ind2="#"><subfield code="6">z01</subfield><subfield code="c">txt</subfield><subfield code="2">rdacontent</subfield></datafield><datafield tag="181" ind1="#" ind2="1"><subfield code="6">z01</subfield><subfield code="a">i#</subfield><subfield code="b">xxxe##</subfield></datafield><datafield tag="182" ind1="#" ind2="#"><subfield code="6">z01</subfield><subfield code="c">n</subfield><subfield code="2">rdamedia</subfield></datafield><datafield tag="182" ind1="#" ind2="1"><subfield code="6">z01</subfield><subfield code="a">n</subfield></datafield><datafield tag="183" ind1="#" ind2="#"><subfield code="6">z01</subfield><subfield code="a">nga</subfield><subfield code="2">RDAfrCarrier</subfield></datafield><datafield tag="200" ind1="1" ind2="#"><subfield code="a">La Revue du Louvre et des musées de France</subfield></datafield><datafield tag="207" ind1="#" ind2="0"><subfield code="a">11e année, no 1 (1961)-vol. 57, no 5 (2007)</subfield></datafield><datafield tag="210" ind1="#" ind2="#"><subfield code="a">Paris</subfield><subfield code="c">Revue du Louvre et des musées de France</subfield><subfield code="d">1961-2007</subfield></datafield><datafield tag="302" ind1="#" ind2="#"><subfield code="a">Résumés en anglais et en allemand à partir de 1991</subfield></datafield><datafield tag="318" ind1="#" ind2="#"><subfield code="5">940185201:184002788</subfield><subfield code="a">récolement 2023</subfield></datafield><datafield tag="319" ind1="#" ind2="#"><subfield code="5">330635107:415113504</subfield><subfield code="a">Les collections sont inaccesibles jusqu&apos;en 2026 en raison de travaux</subfield></datafield><datafield tag="326" ind1="#" ind2="#"><subfield code="a">Cinq fois par an</subfield><subfield code="b">199?-2007</subfield></datafield><datafield tag="326" ind1="#" ind2="#"><subfield code="a">Bimestriel</subfield><subfield code="b">1966-1989</subfield></datafield><datafield tag="326" ind1="#" ind2="#"><subfield code="a">Cinq fois par an</subfield><subfield code="b">1961-1965</subfield></datafield><datafield tag="421" ind1="#" ind2="#"><subfield code="0">038007355</subfield><subfield code="t">Bulletin du Laboratoire du Musée du Louvre</subfield><subfield code="x">0553-2566</subfield></datafield><datafield tag="421" ind1="#" ind2="#"><subfield code="0">037933736</subfield><subfield code="t">Annales - Laboratoire de recherche des musées de France</subfield><subfield code="x">0373-8027</subfield></datafield><datafield tag="430" ind1="#" ind2="#"><subfield code="0">038000512</subfield><subfield code="t">La Revue des arts (Paris. 1951)</subfield><subfield code="x">0482-7872</subfield></datafield><datafield tag="440" ind1="#" ind2="#"><subfield code="0">123397537</subfield><subfield code="t">La Revue des musées de France</subfield><subfield code="x">1962-4271</subfield></datafield><datafield tag="517" ind1="#" ind2="#"><subfield code="a">Revue du Louvre</subfield><subfield code="e">la revue des musées de France</subfield><subfield code="j">1991-2003</subfield></datafield><datafield tag="517" ind1="#" ind2="#"><subfield code="a">La Revue des musées de France. Revue du Louvre</subfield><subfield code="j">2004</subfield></datafield><datafield tag="517" ind1="#" ind2="#"><subfield code="a">La Revue du Louvre et des musées de France</subfield><subfield code="e">chronique des amis du Louvre</subfield></datafield><datafield tag="517" ind1="#" ind2="#"><subfield code="a">La Revue du Louvre et des musées de France</subfield><subfield code="e">revue bimestrielle</subfield></datafield><datafield tag="530" ind1="1" ind2="#"><subfield code="a">La Revue du Louvre et des musées de France</subfield></datafield><datafield tag="531" ind1="#" ind2="#"><subfield code="a">Rev. Louvre mus. Fr.</subfield></datafield><datafield tag="601" ind1="0" ind2="2"><subfield code="3">026394677</subfield><subfield code="a">Musée du Louvre</subfield><subfield code="c">Paris</subfield><subfield code="2">rameau</subfield></datafield><datafield tag="606" ind1="#" ind2="#"><subfield code="3">02727652X</subfield><subfield code="a">Musées d&apos;art</subfield><subfield code="3">027226794</subfield><subfield code="y">France</subfield><subfield code="2">rameau</subfield></datafield><datafield tag="606" ind1="#" ind2="#"><subfield code="3">027269302</subfield><subfield code="a">Art</subfield><subfield code="2">rameau</subfield></datafield><datafield tag="606" ind1="#" ind2="#"><subfield code="1">423</subfield><subfield code="a">Y I. Collections périodiques littéraires, revues</subfield><subfield code="2">Classification de la Bibliothèque des Archives nationales</subfield></datafield><datafield tag="608" ind1="#" ind2="#"><subfield code="3">02724640X</subfield><subfield code="a">Périodique</subfield><subfield code="2">rameau</subfield></datafield><datafield tag="675" ind1="#" ind2="#"><subfield code="a">73</subfield></datafield><datafield tag="675" ind1="#" ind2="#"><subfield code="a">72</subfield></datafield><datafield tag="675" ind1="#" ind2="#"><subfield code="a">069</subfield></datafield><datafield tag="675" ind1="#" ind2="#"><subfield code="a">708.4</subfield></datafield><datafield tag="676" ind1="#" ind2="#"><subfield code="a">730</subfield><subfield code="v">[original]</subfield></datafield><datafield tag="676" ind1="#" ind2="#"><subfield code="a">705</subfield><subfield code="v">[original]</subfield></datafield><datafield tag="680" ind1="#" ind2="#"><subfield code="a">AM</subfield></datafield><datafield tag="686" ind1="#" ind2="#"><subfield code="a">AA3000</subfield></datafield><datafield tag="686" ind1="#" ind2="#"><subfield code="1">88</subfield><subfield code="a">060.5</subfield><subfield code="2">DEWBSG</subfield></datafield><datafield tag="801" ind1="#" ind2="3"><subfield code="a">FR</subfield><subfield code="b">Abes</subfield><subfield code="c">20230828</subfield><subfield code="g">AFNOR</subfield></datafield><datafield tag="801" ind1="#" ind2="3"><subfield code="a">FR</subfield><subfield code="b">ISSN</subfield><subfield code="c">20120806</subfield></datafield><datafield tag="802" ind1="#" ind2="#"><subfield code="a">07</subfield></datafield><datafield tag="830" ind1="#" ind2="#"><subfield code="a">Réforme Rameau Genre-Forme retro périos (ne pas supprimer)</subfield></datafield><datafield tag="930" ind1="#" ind2="#"><subfield code="5">315555245:23747987701</subfield><subfield code="b">315555245</subfield><subfield code="j">f</subfield></datafield><datafield tag="955" ind1="4" ind2="1"><subfield code="5">315555245:23747987701</subfield><subfield code="b">6</subfield><subfield code="i">1966</subfield></datafield><datafield tag="955" ind1="4" ind2="1"><subfield code="5">315555245:23747987701</subfield><subfield code="b">3</subfield><subfield code="i">1967</subfield></datafield><datafield tag="955" ind1="4" ind2="1"><subfield code="5">315555245:23747987701</subfield><subfield code="b">6</subfield><subfield code="i">1967</subfield></datafield><datafield tag="955" ind1="4" ind2="1"><subfield code="5">315555245:23747987701</subfield><subfield code="b">1</subfield><subfield code="i">1968</subfield></datafield><datafield tag="955" ind1="4" ind2="1"><subfield code="5">315555245:23747987701</subfield><subfield code="b">6</subfield><subfield code="i">1968</subfield></datafield><datafield tag="955" ind1="4" ind2="1"><subfield code="5">315555245:23747987701</subfield><subfield code="b">1</subfield><subfield code="i">1971</subfield></datafield><datafield tag="955" ind1="4" ind2="1"><subfield code="5">315555245:23747987701</subfield><subfield code="b">3</subfield><subfield code="i">1971</subfield></datafield><datafield tag="955" ind1="4" ind2="1"><subfield code="5">315555245:23747987701</subfield><subfield code="b">1</subfield><subfield code="i">1973</subfield><subfield code="b">2</subfield><subfield code="i">1973</subfield></datafield><datafield tag="955" ind1="4" ind2="1"><subfield code="5">315555245:23747987701</subfield><subfield code="b">1</subfield><subfield code="i">1976</subfield></datafield><datafield tag="955" ind1="4" ind2="1"><subfield code="5">315555245:23747987701</subfield><subfield code="b">2</subfield><subfield code="i">1978</subfield></datafield><datafield tag="955" ind1="4" ind2="1"><subfield code="5">315555245:23747987701</subfield><subfield code="b">3</subfield><subfield code="i">1980</subfield><subfield code="b">2</subfield><subfield code="i">1981</subfield></datafield><datafield tag="955" ind1="4" ind2="1"><subfield code="5">315555245:23747987701</subfield><subfield code="b">4</subfield><subfield code="i">1981</subfield></datafield><datafield tag="955" ind1="4" ind2="1"><subfield code="5">315555245:23747987701</subfield><subfield code="b">1</subfield><subfield code="i">1982</subfield><subfield code="b">4</subfield><subfield code="i">1983</subfield></datafield><datafield tag="955" ind1="4" ind2="1"><subfield code="5">315555245:23747987701</subfield><subfield code="b">1</subfield><subfield code="i">1984</subfield><subfield code="b">6</subfield><subfield code="i">1987</subfield></datafield><datafield tag="955" ind1="4" ind2="1"><subfield code="5">315555245:23747987701</subfield><subfield code="b">2</subfield><subfield code="i">1988</subfield><subfield code="b">3</subfield><subfield code="i">1988</subfield></datafield><datafield tag="955" ind1="4" ind2="1"><subfield code="5">315555245:23747987701</subfield><subfield code="b">1</subfield><subfield code="i">1989</subfield></datafield><datafield tag="955" ind1="4" ind2="1"><subfield code="5">315555245:23747987701</subfield><subfield code="b">3</subfield><subfield code="i">1989</subfield></datafield><datafield tag="955" ind1="4" ind2="1"><subfield code="5">315555245:23747987701</subfield><subfield code="b">5</subfield><subfield code="i">1989</subfield><subfield code="b">6</subfield><subfield code="i">1996</subfield></datafield><datafield tag="955" ind1="4" ind2="1"><subfield code="5">315555245:23747987701</subfield><subfield code="b">1</subfield><subfield code="i">1997</subfield></datafield><datafield tag="955" ind1="4" ind2="1"><subfield code="5">315555245:23747987701</subfield><subfield code="b">3</subfield><subfield code="i">1997</subfield></datafield><datafield tag="955" ind1="4" ind2="1"><subfield code="5">315555245:23747987701</subfield><subfield code="b">1</subfield><subfield code="i">1998</subfield><subfield code="b">5</subfield><subfield code="i">1999</subfield><subfield code="r">no. 6 (1966) ; no. 3 (1967) ; no. 6 (1967) ; no. 1 (1968) ; no. 6 (1968) ; no. 1 (1971) ; no. 3 (1971) ; no. 1 (1973) - no. 2  (1973) ; no. 1 (1976) ; no. 2 (1978) ; no. 3 (1980) - no. 2  (1981) ; no. 4 (1981) ; no. 1 (1982) - no. 4  (1983) ; no. 1 (1984) - no. 6  (1987) ; no. 2 (1988) - no. 3  (1988) ; no. 1 (1989) ; no. 3 (1989) ; no. 5 (1989) - no. 6  (1996) ; no. 1 (1997) ; no. 3 (1997) ; no. 1 (1998) - no. 5  (1999)</subfield></datafield><datafield tag="940" ind1=" " ind2=" "><subfield code="5">315555245:23747987701</subfield><subfield code="a">20050727</subfield><subfield code="b">rF</subfield></datafield><datafield tag="941" ind1=" " ind2=" "><subfield code="5">315555245:23747987701</subfield><subfield code="a">20050727</subfield><subfield code="b">10:59:40.000</subfield></datafield></record>