<record><leader>     cas0 22        450 </leader><controlfield tag="001">094447047</controlfield><controlfield tag="002">222</controlfield><controlfield tag="003">https://www.sudoc.fr/094447047</controlfield><controlfield tag="004">20051221</controlfield><controlfield tag="005">20241119123021.000</controlfield><controlfield tag="006">315550002</controlfield><controlfield tag="007">999999998</controlfield><controlfield tag="008">Abx3</controlfield><datafield tag="011" ind1="#" ind2="#"><subfield code="a">1553-0116</subfield><subfield code="f">1553-0116</subfield></datafield><datafield tag="035" ind1="#" ind2="#"><subfield code="a">issn15530116</subfield></datafield><datafield tag="100" ind1="#" ind2="#"><subfield code="a">20051221a19919999u  y0frey50      ba</subfield><subfield code="Y">0#</subfield><subfield code="A">1991</subfield><subfield code="D">1991-...</subfield></datafield><datafield tag="101" ind1="0" ind2="#"><subfield code="a">eng</subfield><subfield code="2">639-2</subfield></datafield><datafield tag="102" ind1="#" ind2="#"><subfield code="a">US</subfield></datafield><datafield tag="104" ind1="#" ind2="#"><subfield code="a">u</subfield><subfield code="b">y</subfield><subfield code="c">y</subfield><subfield code="d">ba</subfield><subfield code="e">0</subfield><subfield code="f">fre</subfield></datafield><datafield tag="110" ind1="#" ind2="#"><subfield code="a">aga||||0uu|</subfield></datafield><datafield tag="181" ind1="#" ind2="#"><subfield code="6">z01</subfield><subfield code="c">txt</subfield><subfield code="2">rdacontent</subfield></datafield><datafield tag="181" ind1="#" ind2="1"><subfield code="6">z01</subfield><subfield code="a">i#</subfield><subfield code="b">xxxe##</subfield></datafield><datafield tag="182" ind1="#" ind2="#"><subfield code="6">z01</subfield><subfield code="c">n</subfield><subfield code="2">rdamedia</subfield></datafield><datafield tag="182" ind1="#" ind2="1"><subfield code="6">z01</subfield><subfield code="a">n</subfield></datafield><datafield tag="200" ind1="1" ind2="#"><subfield code="a">Big</subfield></datafield><datafield tag="207" ind1="#" ind2="1"><subfield code="a">Began publication in Madrid, Spain in 1991</subfield></datafield><datafield tag="210" ind1="#" ind2="#"><subfield code="a">New York, N.Y</subfield><subfield code="c">Big Magazine, Inc</subfield><subfield code="d">1991-</subfield></datafield><datafield tag="517" ind1="#" ind2="#"><subfield code="a">Big (New York, N.Y.)</subfield></datafield><datafield tag="517" ind1="#" ind2="#"><subfield code="a">Big magazine</subfield></datafield><datafield tag="530" ind1="1" ind2="#"><subfield code="a">Big</subfield><subfield code="b">(Madrid, Spain)</subfield></datafield><datafield tag="531" ind1="#" ind2="#"><subfield code="a">Big</subfield><subfield code="b">(Madr. Spain)</subfield></datafield><datafield tag="606" ind1="#" ind2="#"><subfield code="3">027269302</subfield><subfield code="a">Art</subfield><subfield code="2">rameau</subfield></datafield><datafield tag="606" ind1="#" ind2="#"><subfield code="3">027269302</subfield><subfield code="a">Art</subfield><subfield code="2">rameau</subfield></datafield><datafield tag="606" ind1="#" ind2="#"><subfield code="3">028224248</subfield><subfield code="a">Photographie</subfield><subfield code="2">rameau</subfield></datafield><datafield tag="606" ind1="#" ind2="#"><subfield code="3">035002751</subfield><subfield code="a">Photographie de studio</subfield><subfield code="2">rameau</subfield></datafield><datafield tag="608" ind1="#" ind2="#"><subfield code="3">027246892</subfield><subfield code="a">Photographie artistique</subfield><subfield code="2">rameau</subfield></datafield><datafield tag="608" ind1="#" ind2="#"><subfield code="3">02724640X</subfield><subfield code="a">Périodiques</subfield><subfield code="2">rameau</subfield></datafield><datafield tag="676" ind1="#" ind2="#"><subfield code="a">391.05</subfield></datafield><datafield tag="676" ind1="#" ind2="#"><subfield code="a">705</subfield></datafield><datafield tag="676" ind1="#" ind2="#"><subfield code="a">770.13</subfield></datafield><datafield tag="801" ind1="#" ind2="3"><subfield code="a">FR</subfield><subfield code="b">Abes</subfield><subfield code="c">20241119</subfield><subfield code="g">AFNOR</subfield></datafield><datafield tag="801" ind1="#" ind2="3"><subfield code="a">FR</subfield><subfield code="b">ISSN</subfield><subfield code="c">20241119</subfield></datafield><datafield tag="802" ind1="#" ind2="#"><subfield code="a">01</subfield></datafield><datafield tag="830" ind1="#" ind2="#"><subfield code="a">Réforme Rameau Genre-Forme retro périos (ne pas supprimer)</subfield></datafield><datafield tag="830" ind1="#" ind2="#"><subfield code="a">Réforme Rameau Genre-Forme retro photographies (ne pas supprimer)</subfield></datafield><datafield tag="930" ind1="#" ind2="#"><subfield code="5">315555245:24987814301</subfield><subfield code="b">315555245</subfield><subfield code="j">f</subfield></datafield><datafield tag="955" ind1="4" ind2="1"><subfield code="5">315555245:24987814301</subfield><subfield code="b">24</subfield><subfield code="i">1998</subfield><subfield code="b">27</subfield><subfield code="i">1999</subfield></datafield><datafield tag="955" ind1="4" ind2="1"><subfield code="5">315555245:24987814301</subfield><subfield code="b">29</subfield><subfield code="i">2000</subfield><subfield code="r">no. 24 (1998) - no. 27  (1999) ; no. 29 (2000)</subfield></datafield><datafield tag="940" ind1=" " ind2=" "><subfield code="5">315555245:24987814301</subfield><subfield code="a">20051221</subfield><subfield code="b">xF</subfield></datafield><datafield tag="941" ind1=" " ind2=" "><subfield code="5">315555245:24987814301</subfield><subfield code="a">20051221</subfield><subfield code="b">12:19:34.000</subfield></datafield></record>