<record><leader>     cas0 22        450 </leader><controlfield tag="001">040513890</controlfield><controlfield tag="002">50,59,67,90,201,204,215,222,223,229,233,408,414,418,427</controlfield><controlfield tag="003">https://www.sudoc.fr/040513890</controlfield><controlfield tag="004">19980721</controlfield><controlfield tag="005">20210217112413.000</controlfield><controlfield tag="006">9999</controlfield><controlfield tag="007">751062312</controlfield><controlfield tag="008">Abx3</controlfield><datafield tag="011" ind1="#" ind2="#"><subfield code="a">1276-4108</subfield><subfield code="f">1276-4108</subfield></datafield><datafield tag="033" ind1="#" ind2="#"><subfield code="a">https://catalogue.bnf.fr/ark:/12148/cb36140629k</subfield><subfield code="2">BNF</subfield><subfield code="d">20191108</subfield></datafield><datafield tag="034" ind1=" " ind2=" "><subfield code="a">OCoLC</subfield><subfield code="0">473417482</subfield></datafield><datafield tag="035" ind1="#" ind2="#"><subfield code="a">ccn1276-4108</subfield></datafield><datafield tag="035" ind1="#" ind2="#"><subfield code="a">issn12764108</subfield></datafield><datafield tag="035" ind1="#" ind2="#"><subfield code="1">418</subfield><subfield code="a">35037</subfield></datafield><datafield tag="100" ind1="#" ind2="#"><subfield code="a">19980721a19989999u  y0frey50      ba</subfield><subfield code="Y">0#</subfield><subfield code="A">1998</subfield><subfield code="D">1998-...</subfield></datafield><datafield tag="101" ind1="0" ind2="#"><subfield code="a">fre</subfield><subfield code="2">639-2</subfield></datafield><datafield tag="102" ind1="#" ind2="#"><subfield code="a">FR</subfield></datafield><datafield tag="104" ind1="#" ind2="#"><subfield code="a">u</subfield><subfield code="b">y</subfield><subfield code="c">y</subfield><subfield code="d">ba</subfield><subfield code="e">0</subfield><subfield code="f">fre</subfield></datafield><datafield tag="106" ind1="#" ind2="#"><subfield code="a">r</subfield></datafield><datafield tag="110" ind1="#" ind2="#"><subfield code="a">agu||||@uu|</subfield></datafield><datafield tag="181" ind1="#" ind2="#"><subfield code="6">z01</subfield><subfield code="c">txt</subfield><subfield code="2">rdacontent</subfield></datafield><datafield tag="181" ind1="#" ind2="#"><subfield code="6">z02</subfield><subfield code="c">sti</subfield><subfield code="2">rdacontent</subfield></datafield><datafield tag="181" ind1="#" ind2="1"><subfield code="6">z01</subfield><subfield code="a">i#</subfield><subfield code="b">xxxe##</subfield></datafield><datafield tag="181" ind1="#" ind2="1"><subfield code="6">z02</subfield><subfield code="a">b#</subfield><subfield code="b">xb2e##</subfield></datafield><datafield tag="182" ind1="#" ind2="#"><subfield code="6">z01</subfield><subfield code="c">n</subfield><subfield code="2">rdamedia</subfield></datafield><datafield tag="182" ind1="#" ind2="#"><subfield code="6">z02</subfield><subfield code="c">n</subfield><subfield code="2">rdamedia</subfield></datafield><datafield tag="182" ind1="#" ind2="1"><subfield code="6">z01</subfield><subfield code="a">n</subfield></datafield><datafield tag="182" ind1="#" ind2="1"><subfield code="6">z02</subfield><subfield code="a">n</subfield></datafield><datafield tag="183" ind1="#" ind2="#"><subfield code="6">z01</subfield><subfield code="6">z02</subfield><subfield code="a">nga</subfield><subfield code="2">RDAfrCarrier</subfield></datafield><datafield tag="200" ind1="1" ind2="#"><subfield code="a">Crash</subfield></datafield><datafield tag="207" ind1="#" ind2="0"><subfield code="a">N° 1 (1998, janv./févr.)</subfield></datafield><datafield tag="214" ind1="#" ind2="0"><subfield code="a">Paris</subfield><subfield code="c">Crash production</subfield><subfield code="d">1998-</subfield></datafield><datafield tag="319" ind1="#" ind2="#"><subfield code="5">751062312:223324655</subfield><subfield code="a">Reproductible</subfield></datafield><datafield tag="326" ind1="#" ind2="#"><subfield code="a">Bimestriel</subfield></datafield><datafield tag="530" ind1="1" ind2="#"><subfield code="a">Crash</subfield><subfield code="b">(Paris)</subfield></datafield><datafield tag="675" ind1="#" ind2="#"><subfield code="a">7.036</subfield></datafield><datafield tag="675" ind1="#" ind2="#"><subfield code="a">62.002</subfield></datafield><datafield tag="675" ind1="#" ind2="#"><subfield code="a">78</subfield></datafield><datafield tag="675" ind1="#" ind2="#"><subfield code="a">301</subfield></datafield><datafield tag="676" ind1="#" ind2="#"><subfield code="a">709.04</subfield></datafield><datafield tag="676" ind1="#" ind2="#"><subfield code="a">709.44</subfield></datafield><datafield tag="801" ind1="#" ind2="3"><subfield code="a">FR</subfield><subfield code="b">Abes</subfield><subfield code="c">20210217</subfield><subfield code="g">AFNOR</subfield></datafield><datafield tag="801" ind1="#" ind2="3"><subfield code="a">FR</subfield><subfield code="b">ISSN</subfield><subfield code="c">20101214</subfield></datafield><datafield tag="802" ind1="#" ind2="#"><subfield code="a">07</subfield></datafield><datafield tag="930" ind1="#" ind2="#"><subfield code="5">315555245:22299927601</subfield><subfield code="b">315555245</subfield><subfield code="j">f</subfield></datafield><datafield tag="955" ind1="4" ind2="1"><subfield code="5">315555245:22299927601</subfield><subfield code="b">1</subfield><subfield code="i">1998</subfield><subfield code="b">10</subfield><subfield code="i">1999</subfield></datafield><datafield tag="955" ind1="4" ind2="1"><subfield code="5">315555245:22299927601</subfield><subfield code="b">13</subfield><subfield code="i">2000</subfield><subfield code="b">15</subfield><subfield code="i">2000</subfield></datafield><datafield tag="955" ind1="4" ind2="1"><subfield code="5">315555245:22299927601</subfield><subfield code="b">20</subfield><subfield code="i">2002</subfield><subfield code="b">23</subfield><subfield code="i">2002</subfield></datafield><datafield tag="955" ind1="4" ind2="1"><subfield code="5">315555245:22299927601</subfield><subfield code="b">25</subfield><subfield code="i">2003</subfield><subfield code="i"/><subfield code="j"/><subfield code="k"/><subfield code="a"/><subfield code="b"/><subfield code="c"/><subfield code="r">no. 1 (1998) - no. 10  (1999) ; no. 13 (2000) - no. 15  (2000) ; no. 20 (2002) - no. 23  (2002) ; no. 25 (2003)-....</subfield></datafield><datafield tag="940" ind1=" " ind2=" "><subfield code="5">315555245:22299927601</subfield><subfield code="a">20050214</subfield><subfield code="b">xO</subfield></datafield><datafield tag="941" ind1=" " ind2=" "><subfield code="5">315555245:22299927601</subfield><subfield code="a">20050214</subfield><subfield code="b">11:20:23.000</subfield></datafield></record>