<record><leader>     cas0 22        450 </leader><controlfield tag="001">040145212</controlfield><controlfield tag="002">4,5,10,11,15,16,18,24,25,35,39,41,45,49,50,51,54,56,59,60,61,63,67,68,70,72,75,80,82,83,90,102,126,173,200,201,202,203,204,207,209,215,219,220,222,223,224,226,227,228,229,230,231,232,233,402,408,414,418,428,431</controlfield><controlfield tag="003">https://www.sudoc.fr/040145212</controlfield><controlfield tag="004">19930608</controlfield><controlfield tag="005">20250109101643.000</controlfield><controlfield tag="006">9999</controlfield><controlfield tag="007">422182101</controlfield><controlfield tag="008">Abx3</controlfield><datafield tag="011" ind1="#" ind2="#"><subfield code="a">1246-8258</subfield><subfield code="f">1246-8258</subfield></datafield><datafield tag="033" ind1="#" ind2="#"><subfield code="a">https://catalogue.bnf.fr/ark:/12148/cb344599171</subfield><subfield code="2">BNF</subfield><subfield code="d">20191112</subfield></datafield><datafield tag="033" ind1="#" ind2="#"><subfield code="a">https://reseau-mirabel.info/revue/titre-id/1924</subfield><subfield code="2">Mir@bel</subfield><subfield code="d">20200710</subfield></datafield><datafield tag="034" ind1=" " ind2=" "><subfield code="a">OCoLC</subfield><subfield code="0">38712686</subfield></datafield><datafield tag="035" ind1="#" ind2="#"><subfield code="a">ccn1246-8258</subfield></datafield><datafield tag="035" ind1="#" ind2="#"><subfield code="a">Evry36037</subfield></datafield><datafield tag="035" ind1="#" ind2="#"><subfield code="a">issn12468258</subfield></datafield><datafield tag="035" ind1="#" ind2="#"><subfield code="a">MIR_1924</subfield></datafield><datafield tag="035" ind1="#" ind2="#"><subfield code="1">70</subfield><subfield code="a">01-0049502</subfield></datafield><datafield tag="035" ind1="#" ind2="#"><subfield code="1">82</subfield><subfield code="a">ALP407022</subfield></datafield><datafield tag="035" ind1="#" ind2="#"><subfield code="1">418</subfield><subfield code="a">36463</subfield></datafield><datafield tag="100" ind1="#" ind2="#"><subfield code="a">19930608a19939999k  y0frey50      ba</subfield><subfield code="Y">0#</subfield><subfield code="A">1993</subfield><subfield code="D">1993-...</subfield></datafield><datafield tag="101" ind1="0" ind2="#"><subfield code="a">fre</subfield><subfield code="a">eng</subfield><subfield code="2">639-2</subfield></datafield><datafield tag="102" ind1="#" ind2="#"><subfield code="a">FR</subfield></datafield><datafield tag="104" ind1="#" ind2="#"><subfield code="a">k</subfield><subfield code="b">y</subfield><subfield code="c">y</subfield><subfield code="d">ba</subfield><subfield code="e">0</subfield><subfield code="f">fre</subfield></datafield><datafield tag="106" ind1="#" ind2="#"><subfield code="a">r</subfield></datafield><datafield tag="110" ind1="#" ind2="#"><subfield code="a">aju||||0uu|</subfield></datafield><datafield tag="181" ind1="#" ind2="#"><subfield code="6">z01</subfield><subfield code="c">txt</subfield><subfield code="2">rdacontent</subfield></datafield><datafield tag="181" ind1="#" ind2="1"><subfield code="6">z01</subfield><subfield code="a">i#</subfield><subfield code="b">xxxe##</subfield></datafield><datafield tag="182" ind1="#" ind2="#"><subfield code="6">z01</subfield><subfield code="c">n</subfield><subfield code="2">rdamedia</subfield></datafield><datafield tag="182" ind1="#" ind2="1"><subfield code="6">z01</subfield><subfield code="a">n</subfield></datafield><datafield tag="183" ind1="#" ind2="#"><subfield code="6">z01</subfield><subfield code="a">nga</subfield><subfield code="2">RDAfrCarrier</subfield></datafield><datafield tag="200" ind1="1" ind2="#"><subfield code="a">Critique d&apos;art</subfield><subfield code="e">bulletin critique et bibliographique</subfield><subfield code="e">critique d&apos;art, théorie de l&apos;art, art contemporain</subfield><subfield code="e">actualité de l&apos;édition française</subfield><subfield code="f">Archives de la critique d&apos;art</subfield></datafield><datafield tag="207" ind1="#" ind2="0"><subfield code="a">N°1 (mai 1993)-</subfield></datafield><datafield tag="214" ind1="#" ind2="0"><subfield code="a">Châteaugiron</subfield><subfield code="c">Archives de la critique d&apos;art</subfield><subfield code="d">1993-</subfield></datafield><datafield tag="302" ind1="#" ind2="#"><subfield code="a">Texte en français et en anglais</subfield></datafield><datafield tag="316" ind1="#" ind2="#"><subfield code="5">674825119:565149490</subfield><subfield code="a">HEARNUM_3_96216</subfield></datafield><datafield tag="319" ind1="#" ind2="#"><subfield code="5">751062312:220478457</subfield><subfield code="a">Reproductible</subfield></datafield><datafield tag="326" ind1="#" ind2="#"><subfield code="a">Semestriel</subfield></datafield><datafield tag="330" ind1="#" ind2="#"><subfield code="a">Crées en 1989 à Rennes, les Archives de la critique d&apos;art collectent, conservent et valorisent les écrits, les documents et les archives des critiques d&apos;art actifs depuis le milieu du XXe siècle. La collecte des fonds d&apos;écrits et d&apos;archives s&apos;accompagne d&apos;une exploitation documentaire via des publications et des programmes de recherche ainsi que d&apos;une valorisation, à travers des manifestations culturelles ou colloques.</subfield></datafield><datafield tag="452" ind1="#" ind2="#"><subfield code="0">167642960</subfield><subfield code="t">Critique d&apos;art</subfield><subfield code="x">2265-9404</subfield></datafield><datafield tag="530" ind1="1" ind2="#"><subfield code="a">Critique d&apos;art</subfield><subfield code="b">(Châteaugiron)</subfield></datafield><datafield tag="606" ind1="#" ind2="#"><subfield code="3">027231194</subfield><subfield code="a">Critique d&apos;art</subfield><subfield code="3">027226794</subfield><subfield code="y">France</subfield><subfield code="2">rameau</subfield></datafield><datafield tag="606" ind1="#" ind2="#"><subfield code="3">027231194</subfield><subfield code="a">Critique d&apos;art</subfield><subfield code="3">027226794</subfield><subfield code="y">France</subfield><subfield code="3">027229386</subfield><subfield code="x">Bibliographie</subfield><subfield code="2">rameau</subfield></datafield><datafield tag="608" ind1="#" ind2="#"><subfield code="3">02724640X</subfield><subfield code="a">Périodique</subfield><subfield code="2">rameau</subfield></datafield><datafield tag="675" ind1="#" ind2="#"><subfield code="a">011/016(44)</subfield></datafield><datafield tag="675" ind1="#" ind2="#"><subfield code="a">7.036(44)</subfield></datafield><datafield tag="676" ind1="#" ind2="#"><subfield code="a">701.18</subfield></datafield><datafield tag="676" ind1="#" ind2="#"><subfield code="a">709.44</subfield></datafield><datafield tag="680" ind1="#" ind2="#"><subfield code="a">Z5935</subfield></datafield><datafield tag="710" ind1="0" ind2="2"><subfield code="3">031390129</subfield><subfield code="a">Archives de la critique d&apos;art</subfield><subfield code="c">France</subfield><subfield code="4">475</subfield></datafield><datafield tag="801" ind1="#" ind2="3"><subfield code="a">FR</subfield><subfield code="b">Abes</subfield><subfield code="c">20250109</subfield><subfield code="g">AFNOR</subfield></datafield><datafield tag="801" ind1="#" ind2="3"><subfield code="a">FR</subfield><subfield code="b">ISSN</subfield><subfield code="c">20131218</subfield></datafield><datafield tag="802" ind1="#" ind2="#"><subfield code="a">07</subfield></datafield><datafield tag="830" ind1="#" ind2="#"><subfield code="a">Réforme Rameau Genre-Forme retro périos (ne pas supprimer)</subfield></datafield><datafield tag="930" ind1="#" ind2="#"><subfield code="5">315555245:22301064201</subfield><subfield code="b">315555245</subfield><subfield code="j">f</subfield></datafield><datafield tag="955" ind1="4" ind2="1"><subfield code="5">315555245:22301064201</subfield><subfield code="b">1</subfield><subfield code="i">1993</subfield></datafield><datafield tag="955" ind1="4" ind2="1"><subfield code="5">315555245:22301064201</subfield><subfield code="b">3</subfield><subfield code="i">1994</subfield><subfield code="b">4</subfield><subfield code="i">1994</subfield></datafield><datafield tag="955" ind1="4" ind2="1"><subfield code="5">315555245:22301064201</subfield><subfield code="b">6</subfield><subfield code="i">1995</subfield></datafield><datafield tag="955" ind1="4" ind2="1"><subfield code="5">315555245:22301064201</subfield><subfield code="b">8</subfield><subfield code="i">1996</subfield><subfield code="b">12</subfield><subfield code="i">1998</subfield></datafield><datafield tag="955" ind1="4" ind2="1"><subfield code="5">315555245:22301064201</subfield><subfield code="b">14</subfield><subfield code="i">2000</subfield><subfield code="b">15</subfield><subfield code="i">2000</subfield></datafield><datafield tag="955" ind1="4" ind2="1"><subfield code="5">315555245:22301064201</subfield><subfield code="b">17</subfield><subfield code="i">2001</subfield></datafield><datafield tag="955" ind1="4" ind2="1"><subfield code="5">315555245:22301064201</subfield><subfield code="b">19</subfield><subfield code="i">2002</subfield><subfield code="i"/><subfield code="j"/><subfield code="k"/><subfield code="a"/><subfield code="b"/><subfield code="c"/><subfield code="r">no. 1 (1993) ; no. 3 (1994) - no. 4  (1994) ; no. 6 (1995) ; no. 8 (1996) - no. 12  (1998) ; no. 14 (2000) - no. 15  (2000) ; no. 17 (2001) ; no. 19 (2002)-....</subfield></datafield><datafield tag="940" ind1=" " ind2=" "><subfield code="5">315555245:22301064201</subfield><subfield code="a">20050214</subfield><subfield code="b">xO</subfield></datafield><datafield tag="941" ind1=" " ind2=" "><subfield code="5">315555245:22301064201</subfield><subfield code="a">20050214</subfield><subfield code="b">12:58:43.000</subfield></datafield></record>