<record><leader>     cas0 22        450 </leader><controlfield tag="001">040230007</controlfield><controlfield tag="002">4,5,10,15,16,18,20,24,25,27,29,35,37,38,41,45,49,50,51,53,55,56,58,59,61,63,67,72,74,80,82,83,90,91,102,126,129,167,200,201,202,203,204,205,206,207,209,215,219,220,222,223,224,226,227,228,229,230,231,232,233,408,412,414,418,427,428,431</controlfield><controlfield tag="003">https://www.sudoc.fr/040230007</controlfield><controlfield tag="004">19950710</controlfield><controlfield tag="005">20241202144809.000</controlfield><controlfield tag="006">9999</controlfield><controlfield tag="007">751045204</controlfield><controlfield tag="008">Abx3</controlfield><datafield tag="011" ind1="#" ind2="#"><subfield code="a">1252-6967</subfield><subfield code="f">1252-6967</subfield></datafield><datafield tag="033" ind1="#" ind2="#"><subfield code="a">https://catalogue.bnf.fr/ark:/12148/cb345260281</subfield><subfield code="2">BNF</subfield><subfield code="d">20191220</subfield></datafield><datafield tag="033" ind1="#" ind2="#"><subfield code="a">https://reseau-mirabel.info/revue/titre-id/25990</subfield><subfield code="2">Mir@bel</subfield><subfield code="d">20240402</subfield></datafield><datafield tag="034" ind1=" " ind2=" "><subfield code="a">OCoLC</subfield><subfield code="0">411531673</subfield></datafield><datafield tag="035" ind1="#" ind2="#"><subfield code="z">ccn7201/3699</subfield></datafield><datafield tag="035" ind1="#" ind2="#"><subfield code="a">Evry34120</subfield></datafield><datafield tag="035" ind1="#" ind2="#"><subfield code="a">ccn1252-6967</subfield></datafield><datafield tag="035" ind1="#" ind2="#"><subfield code="a">ccn7209/3927</subfield></datafield><datafield tag="035" ind1="#" ind2="#"><subfield code="a">FRBNF34526028000000X</subfield></datafield><datafield tag="035" ind1="#" ind2="#"><subfield code="a">issn12526967</subfield></datafield><datafield tag="035" ind1="#" ind2="#"><subfield code="a">MIR_25990</subfield></datafield><datafield tag="035" ind1="#" ind2="#"><subfield code="1">24</subfield><subfield code="a">731130</subfield></datafield><datafield tag="035" ind1="#" ind2="#"><subfield code="1">38</subfield><subfield code="a">IULY100725</subfield></datafield><datafield tag="035" ind1="#" ind2="#"><subfield code="1">74</subfield><subfield code="a">ALP396578</subfield></datafield><datafield tag="035" ind1="#" ind2="#"><subfield code="1">82</subfield><subfield code="a">ALP000521282</subfield></datafield><datafield tag="035" ind1="#" ind2="#"><subfield code="1">418</subfield><subfield code="a">36396</subfield></datafield><datafield tag="100" ind1="#" ind2="#"><subfield code="a">19950710a19939999u  y0frey50      ba</subfield><subfield code="Y">0#</subfield><subfield code="A">1993</subfield><subfield code="D">1993-...</subfield></datafield><datafield tag="101" ind1="0" ind2="#"><subfield code="a">fre</subfield><subfield code="2">639-2</subfield></datafield><datafield tag="102" ind1="#" ind2="#"><subfield code="a">FR</subfield></datafield><datafield tag="104" ind1="#" ind2="#"><subfield code="a">u</subfield><subfield code="b">y</subfield><subfield code="c">y</subfield><subfield code="d">ba</subfield><subfield code="e">0</subfield><subfield code="f">fre</subfield></datafield><datafield tag="106" ind1="#" ind2="#"><subfield code="a">r</subfield></datafield><datafield tag="110" ind1="#" ind2="#"><subfield code="a">agu||||@uu|</subfield></datafield><datafield tag="181" ind1="#" ind2="#"><subfield code="6">z01</subfield><subfield code="c">txt</subfield><subfield code="2">rdacontent</subfield></datafield><datafield tag="181" ind1="#" ind2="1"><subfield code="6">z01</subfield><subfield code="a">i#</subfield><subfield code="b">xxxe##</subfield></datafield><datafield tag="182" ind1="#" ind2="#"><subfield code="6">z01</subfield><subfield code="c">n</subfield><subfield code="2">rdamedia</subfield></datafield><datafield tag="182" ind1="#" ind2="1"><subfield code="6">z01</subfield><subfield code="a">n</subfield></datafield><datafield tag="183" ind1="#" ind2="#"><subfield code="6">z01</subfield><subfield code="a">nga</subfield><subfield code="2">RDAfrCarrier</subfield></datafield><datafield tag="200" ind1="1" ind2="#"><subfield code="a">Mouvement</subfield><subfield code="e">revue trimestrielle du spectacle vivant et des arts visuels</subfield></datafield><datafield tag="207" ind1="#" ind2="0"><subfield code="a">N.1(1993,mars)-n.10(1995); n.1(1995,oct./nov./déc.)-n.5(1997,mars); nouv. série n.1(1998,juin)-n.74(2014, mai); nouv. série n.75(2015, janv.)-</subfield></datafield><datafield tag="214" ind1="#" ind2="0"><subfield code="a">Paris</subfield><subfield code="c">Ed. du Mouvement</subfield><subfield code="d">1993-1997; 1998-....</subfield></datafield><datafield tag="214" ind1="#" ind2="0"><subfield code="a">Paris</subfield><subfield code="b">30 rue Beaunier, 75014</subfield><subfield code="c">Ed. du Mouvement</subfield><subfield code="d">1993-</subfield></datafield><datafield tag="214" ind1="#" ind2="0"><subfield code="a">Paris</subfield><subfield code="b">83 rue Léon Frot, 75011</subfield><subfield code="c">Ed. du Mouvement</subfield><subfield code="d">1993-</subfield></datafield><datafield tag="214" ind1="#" ind2="0"><subfield code="a">Paris</subfield><subfield code="b">3 bis rue Emile Duclaux</subfield><subfield code="c">Les Editions Secondes</subfield><subfield code="d">2015-</subfield></datafield><datafield tag="215" ind1="#" ind2="#"><subfield code="d">32 cm</subfield></datafield><datafield tag="300" ind1="#" ind2="#"><subfield code="a">Après une interruption après le n°74 (mai/juin 2014), reprise du titre, au même rythme, avec le n°75 (janvier-février 2015).</subfield></datafield><datafield tag="300" ind1="#" ind2="#"><subfield code="a">Notice réd. d&apos;après le n ° 3 (1993, juil./août)</subfield></datafield><datafield tag="304" ind1="#" ind2="#"><subfield code="a">Mise à jour du titre : Mouvement : revue trimestrielle du spectacle vivant et des arts visuels</subfield></datafield><datafield tag="304" ind1="#" ind2="#"><subfield code="a">Mise à jour du titre : Mouvement : revue indisciplinaire des arts vivants : revue trimestrielle du spectacle vivant et des arts visuels</subfield></datafield><datafield tag="304" ind1="#" ind2="#"><subfield code="a">Mise à jour du titre : Mouvement : la revue indisciplinée</subfield></datafield><datafield tag="304" ind1="#" ind2="#"><subfield code="a">Mise à jour du titre : Mouvement : magazine culturel indisciplinaire</subfield></datafield><datafield tag="316" ind1="#" ind2="#"><subfield code="5">674825119:73860089X</subfield><subfield code="a">HEARNUM_3_109594</subfield></datafield><datafield tag="316" ind1="#" ind2="#"><subfield code="5">751132105:29265460X</subfield><subfield code="a">Abonnements UPDI</subfield></datafield><datafield tag="316" ind1="#" ind2="#"><subfield code="5">511085113:126050414</subfield><subfield code="a">Première série (1993 à 1995) : 1. 2. 3. 4. 5. 6. 7. 8. 10 ; (1999) 6 ; 2013 (68)</subfield></datafield><datafield tag="319" ind1="#" ind2="#"><subfield code="5">751062312:220644810</subfield><subfield code="a">Reproductible</subfield></datafield><datafield tag="326" ind1="#" ind2="#"><subfield code="a">Bimestriel</subfield><subfield code="b">N°64, 2012-</subfield></datafield><datafield tag="326" ind1="#" ind2="#"><subfield code="a">Trimestriel</subfield><subfield code="b">1998-2012</subfield></datafield><datafield tag="326" ind1="#" ind2="#"><subfield code="a">Nouvelle série</subfield><subfield code="b">N°1,1998-....</subfield></datafield><datafield tag="326" ind1="#" ind2="#"><subfield code="a">Bimestriel</subfield><subfield code="b">1993-1998</subfield></datafield><datafield tag="421" ind1="#" ind2="#"><subfield code="t">Slam</subfield></datafield><datafield tag="422" ind1="#" ind2="#"><subfield code="0">038726394</subfield><subfield code="t">Cripure (Paris)</subfield><subfield code="x">1242-0778</subfield></datafield><datafield tag="512" ind1="#" ind2="#"><subfield code="a">Mouvement, l&apos;interdisciplinaire des arts vivants</subfield></datafield><datafield tag="512" ind1="#" ind2="#"><subfield code="a">La revue indisciplinée</subfield></datafield><datafield tag="512" ind1="#" ind2="#"><subfield code="a">Mouvement artistes, créations, esthétique et politique</subfield></datafield><datafield tag="512" ind1="#" ind2="#"><subfield code="a">Mouvement, magazine culturel indisciplinaire</subfield></datafield><datafield tag="530" ind1="1" ind2="#"><subfield code="a">Mouvement</subfield><subfield code="b">(Paris. 1993)</subfield></datafield><datafield tag="606" ind1="#" ind2="#"><subfield code="3">027257436</subfield><subfield code="a">Arts du spectacle</subfield><subfield code="2">rameau</subfield></datafield><datafield tag="608" ind1="#" ind2="#"><subfield code="3">02724640X</subfield><subfield code="a">Périodique</subfield><subfield code="2">rameau</subfield></datafield><datafield tag="675" ind1="#" ind2="#"><subfield code="a">792</subfield></datafield><datafield tag="675" ind1="#" ind2="#"><subfield code="a">82.2</subfield></datafield><datafield tag="676" ind1="#" ind2="#"><subfield code="a">700</subfield></datafield><datafield tag="680" ind1="#" ind2="#"><subfield code="a">PN1637</subfield></datafield><datafield tag="686" ind1="#" ind2="#"><subfield code="a">792</subfield><subfield code="2">Cadre de classement de la Bibliographie nationale française</subfield></datafield><datafield tag="712" ind1="0" ind2="2"><subfield code="3">280738021</subfield><subfield code="a">Éditions Secondes</subfield><subfield code="c">Paris</subfield><subfield code="4">650</subfield></datafield><datafield tag="801" ind1="#" ind2="3"><subfield code="a">FR</subfield><subfield code="b">Abes</subfield><subfield code="c">20241202</subfield><subfield code="g">AFNOR</subfield></datafield><datafield tag="801" ind1="#" ind2="0"><subfield code="a">FR</subfield><subfield code="b">BNF</subfield><subfield code="c">19950710</subfield><subfield code="g">AFNOR</subfield><subfield code="2">intermrc</subfield></datafield><datafield tag="801" ind1="#" ind2="3"><subfield code="a">FR</subfield><subfield code="b">ISSN France</subfield><subfield code="c">20150416</subfield></datafield><datafield tag="802" ind1="#" ind2="#"><subfield code="a">07</subfield></datafield><datafield tag="830" ind1="#" ind2="#"><subfield code="a">Réforme Rameau Genre-Forme retro périos (ne pas supprimer)</subfield></datafield><datafield tag="930" ind1="#" ind2="#"><subfield code="5">315555245:22752707001</subfield><subfield code="b">315555245</subfield><subfield code="j">f</subfield></datafield><datafield tag="955" ind1="4" ind2="1"><subfield code="5">315555245:22752707001</subfield><subfield code="b">2</subfield><subfield code="i">1998</subfield></datafield><datafield tag="955" ind1="4" ind2="1"><subfield code="5">315555245:22752707001</subfield><subfield code="b">7</subfield><subfield code="i">2000</subfield><subfield code="b">19</subfield><subfield code="i">2002</subfield></datafield><datafield tag="955" ind1="4" ind2="1"><subfield code="5">315555245:22752707001</subfield><subfield code="b">22</subfield><subfield code="i">2003</subfield><subfield code="i"/><subfield code="j"/><subfield code="k"/><subfield code="a"/><subfield code="b"/><subfield code="c"/><subfield code="r">no. 2 (1998) ; no. 7 (2000) - no. 19  (2002) ; no. 22 (2003)-....</subfield></datafield><datafield tag="940" ind1=" " ind2=" "><subfield code="5">315555245:22752707001</subfield><subfield code="a">20050404</subfield><subfield code="b">xO</subfield></datafield><datafield tag="941" ind1=" " ind2=" "><subfield code="5">315555245:22752707001</subfield><subfield code="a">20050404</subfield><subfield code="b">12:32:09.000</subfield></datafield></record>