<record><leader>     cas0 22        450 </leader><controlfield tag="001">083254900</controlfield><controlfield tag="002">10,38,59,67,90,222,226,233</controlfield><controlfield tag="003">https://www.sudoc.fr/083254900</controlfield><controlfield tag="004">20050111</controlfield><controlfield tag="005">20191115100632.000</controlfield><controlfield tag="006">751020002</controlfield><controlfield tag="007">341720001</controlfield><controlfield tag="008">Abx3</controlfield><datafield tag="011" ind1="#" ind2="#"><subfield code="a">1769-8596</subfield><subfield code="f">1769-8596</subfield></datafield><datafield tag="033" ind1="#" ind2="#"><subfield code="a">https://catalogue.bnf.fr/ark:/12148/cb39263994k</subfield><subfield code="2">BNF</subfield><subfield code="d">20191115</subfield></datafield><datafield tag="034" ind1=" " ind2=" "><subfield code="a">OCoLC</subfield><subfield code="0">474439944</subfield></datafield><datafield tag="035" ind1="#" ind2="#"><subfield code="a">issn17698596</subfield></datafield><datafield tag="035" ind1="#" ind2="#"><subfield code="a">FRBNF392639940000006</subfield></datafield><datafield tag="035" ind1="#" ind2="#"><subfield code="1">10</subfield><subfield code="a">491350</subfield></datafield><datafield tag="100" ind1="#" ind2="#"><subfield code="a">20050111b20042005u  y0frey50      ba</subfield><subfield code="Y">0#</subfield><subfield code="A">2004</subfield><subfield code="B">2005</subfield></datafield><datafield tag="101" ind1="0" ind2="#"><subfield code="a">fre</subfield><subfield code="2">639-2</subfield></datafield><datafield tag="102" ind1="#" ind2="#"><subfield code="a">FR</subfield></datafield><datafield tag="104" ind1="#" ind2="#"><subfield code="a">u</subfield><subfield code="b">y</subfield><subfield code="c">y</subfield><subfield code="d">ba</subfield><subfield code="e">0</subfield><subfield code="f">fre</subfield></datafield><datafield tag="106" ind1="#" ind2="#"><subfield code="a">r</subfield></datafield><datafield tag="110" ind1="#" ind2="#"><subfield code="a">ah@z@@@@@@@</subfield></datafield><datafield tag="181" ind1="#" ind2="#"><subfield code="6">z01</subfield><subfield code="c">txt</subfield><subfield code="2">rdacontent</subfield></datafield><datafield tag="181" ind1="#" ind2="1"><subfield code="6">z01</subfield><subfield code="a">i#</subfield><subfield code="b">xxxe##</subfield></datafield><datafield tag="182" ind1="#" ind2="#"><subfield code="6">z01</subfield><subfield code="c">n</subfield><subfield code="2">rdamedia</subfield></datafield><datafield tag="182" ind1="#" ind2="1"><subfield code="6">z01</subfield><subfield code="a">n</subfield></datafield><datafield tag="200" ind1="1" ind2="#"><subfield code="a">9 de [coeur]</subfield><subfield code="e">revue de création &amp; d&apos;initiation</subfield><subfield code="e">arts, littératures, musique... de 9 à 99 ans</subfield><subfield code="f">[dir. publ. Jacques Binsztok]</subfield></datafield><datafield tag="207" ind1="#" ind2="0"><subfield code="a">Nʿ 1(2004,sept.)-</subfield></datafield><datafield tag="210" ind1="#" ind2="#"><subfield code="a">Paris</subfield><subfield code="c">Ed. du Seuil</subfield><subfield code="d">2004-2005</subfield></datafield><datafield tag="215" ind1="#" ind2="#"><subfield code="d">32 cm</subfield></datafield><datafield tag="300" ind1="#" ind2="#"><subfield code="a">Dans le titre, le terme coeur est représenté par un dessin</subfield></datafield><datafield tag="304" ind1="#" ind2="#"><subfield code="a">Dir. Jacques Binsztok puis Pascal Flamand et rédactrice en chef Héliane Bernard</subfield></datafield><datafield tag="326" ind1="#" ind2="#"><subfield code="a">Trimestriel</subfield></datafield><datafield tag="517" ind1="#" ind2="#"><subfield code="a">Neuf de coeur</subfield></datafield><datafield tag="530" ind1="1" ind2="#"><subfield code="a">9 de coeur</subfield></datafield><datafield tag="606" ind1="#" ind2="#"><subfield code="3">033986819</subfield><subfield code="a">Périodiques pour la jeunesse</subfield><subfield code="2">rameau</subfield></datafield><datafield tag="676" ind1="#" ind2="#"><subfield code="a">700.5</subfield></datafield><datafield tag="676" ind1="#" ind2="#"><subfield code="a">704.054</subfield></datafield><datafield tag="686" ind1="#" ind2="#"><subfield code="a">700</subfield><subfield code="2">Cadre de classement de la Bibliographie nationale française</subfield></datafield><datafield tag="702" ind1="#" ind2="1"><subfield code="R">16812858</subfield><subfield code="a">Flamand</subfield><subfield code="b">Pascal</subfield><subfield code="4">000</subfield></datafield><datafield tag="702" ind1="#" ind2="1"><subfield code="R">12169350</subfield><subfield code="a">Bernard</subfield><subfield code="b">Héliane</subfield><subfield code="f">1936-....</subfield><subfield code="4">000</subfield></datafield><datafield tag="801" ind1="#" ind2="3"><subfield code="a">FR</subfield><subfield code="b">Abes</subfield><subfield code="c">20191115</subfield><subfield code="g">AFNOR</subfield></datafield><datafield tag="801" ind1="#" ind2="0"><subfield code="a">FR</subfield><subfield code="b">BNF</subfield><subfield code="c">20041025</subfield><subfield code="g">AFNOR</subfield><subfield code="2">intermrc</subfield></datafield><datafield tag="801" ind1="#" ind2="3"><subfield code="a">FR</subfield><subfield code="b">ISSN France</subfield><subfield code="c">20150416</subfield></datafield><datafield tag="802" ind1="#" ind2="#"><subfield code="a">07</subfield></datafield><datafield tag="930" ind1="#" ind2="#"><subfield code="5">315555245:22803079X01</subfield><subfield code="b">315555245</subfield><subfield code="j">f</subfield></datafield><datafield tag="955" ind1="4" ind2="1"><subfield code="5">315555245:22803079X01</subfield><subfield code="b">1</subfield><subfield code="j">sep</subfield><subfield code="i">2004</subfield><subfield code="i"/><subfield code="j"/><subfield code="k"/><subfield code="a"/><subfield code="b"/><subfield code="c"/><subfield code="r">no. 1 (sep-2004)-....</subfield></datafield><datafield tag="940" ind1=" " ind2=" "><subfield code="5">315555245:22803079X01</subfield><subfield code="a">20050411</subfield><subfield code="b">xO</subfield></datafield><datafield tag="941" ind1=" " ind2=" "><subfield code="5">315555245:22803079X01</subfield><subfield code="a">20050411</subfield><subfield code="b">15:53:48.000</subfield></datafield></record>