<record><leader>     cas0 22        450 </leader><controlfield tag="001">088800253</controlfield><controlfield tag="002">222,229,230</controlfield><controlfield tag="003">https://www.sudoc.fr/088800253</controlfield><controlfield tag="004">20050727</controlfield><controlfield tag="005">20250107181954.000</controlfield><controlfield tag="006">315550002</controlfield><controlfield tag="007">1999</controlfield><controlfield tag="008">Abx3</controlfield><datafield tag="011" ind1="#" ind2="#"><subfield code="a">1827-3459</subfield><subfield code="f">1827-3459</subfield></datafield><datafield tag="035" ind1="#" ind2="#"><subfield code="a">issn18273459</subfield></datafield><datafield tag="100" ind1="#" ind2="#"><subfield code="a">20050727a19899999k  y0frey50      ba</subfield><subfield code="Y">0#</subfield><subfield code="A">1989</subfield><subfield code="D">1989-...</subfield></datafield><datafield tag="101" ind1="0" ind2="#"><subfield code="a">ita</subfield><subfield code="2">639-2</subfield></datafield><datafield tag="102" ind1="#" ind2="#"><subfield code="a">IT</subfield></datafield><datafield tag="104" ind1="#" ind2="#"><subfield code="a">k</subfield><subfield code="b">y</subfield><subfield code="c">y</subfield><subfield code="d">ba</subfield><subfield code="e">0</subfield><subfield code="f">fre</subfield></datafield><datafield tag="106" ind1="#" ind2="#"><subfield code="a">r</subfield></datafield><datafield tag="110" ind1="#" ind2="#"><subfield code="a">ahu|z  0uu|</subfield></datafield><datafield tag="181" ind1="#" ind2="#"><subfield code="6">z01</subfield><subfield code="c">txt</subfield><subfield code="2">rdacontent</subfield></datafield><datafield tag="181" ind1="#" ind2="1"><subfield code="6">z01</subfield><subfield code="a">i#</subfield><subfield code="b">xxxe##</subfield></datafield><datafield tag="182" ind1="#" ind2="#"><subfield code="6">z01</subfield><subfield code="c">n</subfield><subfield code="2">rdamedia</subfield></datafield><datafield tag="182" ind1="#" ind2="1"><subfield code="6">z01</subfield><subfield code="a">n</subfield></datafield><datafield tag="183" ind1="#" ind2="#"><subfield code="6">z01</subfield><subfield code="a">nga</subfield><subfield code="2">RDAfrCarrier</subfield></datafield><datafield tag="200" ind1="1" ind2="#"><subfield code="a">Exporre</subfield><subfield code="e">trimestrale di cultura intorno all&apos;Exhibition design</subfield><subfield code="f">dir. responsabile Mario Mastropietro</subfield></datafield><datafield tag="210" ind1="#" ind2="#"><subfield code="a">Milano</subfield><subfield code="c">Lybra Immagine</subfield><subfield code="d">1989-</subfield></datafield><datafield tag="215" ind1="#" ind2="#"><subfield code="c">ill. en noir et en coul.</subfield><subfield code="d">33 cm</subfield></datafield><datafield tag="300" ind1="#" ind2="#"><subfield code="a">Texte en italien et en anglais</subfield></datafield><datafield tag="306" ind1="#" ind2="#"><subfield code="a">Site internet du périodique</subfield><subfield code="u">www.exporre.it</subfield></datafield><datafield tag="326" ind1="#" ind2="#"><subfield code="a">Trimestriel</subfield></datafield><datafield tag="530" ind1="1" ind2="#"><subfield code="a">Exporre</subfield><subfield code="b">(Milano)</subfield></datafield><datafield tag="531" ind1="#" ind2="#"><subfield code="a">Exporre</subfield><subfield code="b">(Milano)</subfield></datafield><datafield tag="606" ind1="#" ind2="#"><subfield code="3">027784878</subfield><subfield code="a">Design</subfield><subfield code="2">rameau</subfield></datafield><datafield tag="606" ind1="#" ind2="#"><subfield code="3">027784878</subfield><subfield code="a">Design</subfield><subfield code="2">rameau</subfield></datafield><datafield tag="606" ind1="#" ind2="#"><subfield code="3">027228983</subfield><subfield code="a">Architecture</subfield><subfield code="2">rameau</subfield></datafield><datafield tag="606" ind1="#" ind2="#"><subfield code="3">027228983</subfield><subfield code="a">Architecture</subfield><subfield code="2">rameau</subfield></datafield><datafield tag="608" ind1="#" ind2="#"><subfield code="3">02724640X</subfield><subfield code="a">Périodiques</subfield><subfield code="2">rameau</subfield></datafield><datafield tag="675" ind1="#" ind2="#"><subfield code="a">745</subfield></datafield><datafield tag="675" ind1="#" ind2="#"><subfield code="a">64.01</subfield></datafield><datafield tag="675" ind1="#" ind2="#"><subfield code="a">72</subfield></datafield><datafield tag="675" ind1="#" ind2="#"><subfield code="a">747</subfield></datafield><datafield tag="676" ind1="#" ind2="#"><subfield code="a">745.2/05</subfield></datafield><datafield tag="676" ind1="#" ind2="#"><subfield code="a">705</subfield></datafield><datafield tag="676" ind1="#" ind2="#"><subfield code="a">745.4</subfield></datafield><datafield tag="801" ind1="#" ind2="3"><subfield code="a">FR</subfield><subfield code="b">Abes</subfield><subfield code="c">20250107</subfield><subfield code="g">AFNOR</subfield></datafield><datafield tag="801" ind1="#" ind2="#"><subfield code="b">ISSN</subfield><subfield code="c">20060102</subfield></datafield><datafield tag="802" ind1="#" ind2="#"><subfield code="a">0d</subfield></datafield><datafield tag="830" ind1="#" ind2="#"><subfield code="a">Réforme Rameau Genre-Forme retro périos (ne pas supprimer)</subfield></datafield><datafield tag="930" ind1="#" ind2="#"><subfield code="5">315555245:23752147401</subfield><subfield code="b">315555245</subfield><subfield code="j">f</subfield></datafield><datafield tag="955" ind1="4" ind2="1"><subfield code="5">315555245:23752147401</subfield><subfield code="b">3</subfield><subfield code="i">1990</subfield><subfield code="b">4</subfield><subfield code="i">1990</subfield></datafield><datafield tag="955" ind1="4" ind2="1"><subfield code="5">315555245:23752147401</subfield><subfield code="b">11</subfield><subfield code="i">1992</subfield><subfield code="b">12</subfield><subfield code="i">1992</subfield></datafield><datafield tag="955" ind1="4" ind2="1"><subfield code="5">315555245:23752147401</subfield><subfield code="b">14</subfield><subfield code="i">1992</subfield></datafield><datafield tag="955" ind1="4" ind2="1"><subfield code="5">315555245:23752147401</subfield><subfield code="b">17</subfield><subfield code="i">1993</subfield></datafield><datafield tag="955" ind1="4" ind2="1"><subfield code="5">315555245:23752147401</subfield><subfield code="b">20</subfield><subfield code="i">1994</subfield><subfield code="b">21</subfield><subfield code="i">1994</subfield></datafield><datafield tag="955" ind1="4" ind2="1"><subfield code="5">315555245:23752147401</subfield><subfield code="b">23</subfield><subfield code="i">1995</subfield><subfield code="b">39</subfield><subfield code="i">2000</subfield></datafield><datafield tag="955" ind1="4" ind2="1"><subfield code="5">315555245:23752147401</subfield><subfield code="b">41</subfield><subfield code="i">2000</subfield><subfield code="b">51</subfield><subfield code="i">2004</subfield><subfield code="r">no. 3 (1990) - no. 4  (1990) ; no. 11 (1992) - no. 12  (1992) ; no. 14 (1992) ; no. 17 (1993) ; no. 20 (1994) - no. 21  (1994) ; no. 23 (1995) - no. 39  (2000) ; no. 41 (2000) - no. 51  (2004)</subfield></datafield><datafield tag="940" ind1=" " ind2=" "><subfield code="5">315555245:23752147401</subfield><subfield code="a">20050727</subfield><subfield code="b">rF</subfield></datafield><datafield tag="941" ind1=" " ind2=" "><subfield code="5">315555245:23752147401</subfield><subfield code="a">20050727</subfield><subfield code="b">16:17:15.000</subfield></datafield></record>