<record><leader>     cas0 22        450 </leader><controlfield tag="001">03789028X</controlfield><controlfield tag="002">4,12,17,20,22,24,27,35,39,41,45,49,50,51,54,59,60,62,63,67,68,72,74,75,80,82,86,88,90,91,102,126,146,156,159,173,174,178,200,201,202,203,204,205,206,207,209,215,219,220,221,222,223,224,225,226,227,228,229,230,231,232,233,402,408,412,414,422,426,427,428,431,432</controlfield><controlfield tag="003">https://www.sudoc.fr/03789028X</controlfield><controlfield tag="004">19910621</controlfield><controlfield tag="005">20250912162149.000</controlfield><controlfield tag="006">9999</controlfield><controlfield tag="007">751165107</controlfield><controlfield tag="008">Abx3</controlfield><datafield tag="011" ind1="#" ind2="#"><subfield code="a">0336-9730</subfield><subfield code="f">0336-9730</subfield></datafield><datafield tag="033" ind1="#" ind2="#"><subfield code="a">https://catalogue.bnf.fr/ark:/12148/cb34376142j</subfield><subfield code="2">BNF</subfield><subfield code="d">20191112</subfield></datafield><datafield tag="034" ind1=" " ind2=" "><subfield code="a">OCoLC</subfield><subfield code="0">5095082</subfield></datafield><datafield tag="035" ind1="#" ind2="#"><subfield code="a">ccn0336-9730</subfield></datafield><datafield tag="035" ind1="#" ind2="#"><subfield code="a">issn03369730</subfield></datafield><datafield tag="035" ind1="#" ind2="#"><subfield code="1">24</subfield><subfield code="a">786309</subfield></datafield><datafield tag="035" ind1="#" ind2="#"><subfield code="1">74</subfield><subfield code="a">ALP311218</subfield></datafield><datafield tag="035" ind1="#" ind2="#"><subfield code="1">80</subfield><subfield code="a">80164</subfield></datafield><datafield tag="100" ind1="#" ind2="#"><subfield code="a">19910621b19751994m  y0frey50      ba</subfield><subfield code="Y">0#</subfield><subfield code="A">1975</subfield><subfield code="B">1994</subfield></datafield><datafield tag="101" ind1="0" ind2="#"><subfield code="a">fre</subfield><subfield code="2">639-2</subfield></datafield><datafield tag="102" ind1="#" ind2="#"><subfield code="a">FR</subfield></datafield><datafield tag="104" ind1="#" ind2="#"><subfield code="a">m</subfield><subfield code="b">y</subfield><subfield code="c">y</subfield><subfield code="d">ba</subfield><subfield code="e">0</subfield><subfield code="f">fre</subfield></datafield><datafield tag="106" ind1="#" ind2="#"><subfield code="a">r</subfield></datafield><datafield tag="110" ind1="#" ind2="#"><subfield code="a">ahu||||0uu|</subfield></datafield><datafield tag="181" ind1="#" ind2="#"><subfield code="6">z01</subfield><subfield code="c">txt</subfield><subfield code="2">rdacontent</subfield></datafield><datafield tag="181" ind1="#" ind2="1"><subfield code="6">z01</subfield><subfield code="a">i#</subfield><subfield code="b">xxxe##</subfield></datafield><datafield tag="182" ind1="#" ind2="#"><subfield code="6">z01</subfield><subfield code="c">n</subfield><subfield code="2">rdamedia</subfield></datafield><datafield tag="182" ind1="#" ind2="1"><subfield code="6">z01</subfield><subfield code="a">n</subfield></datafield><datafield tag="183" ind1="#" ind2="#"><subfield code="6">z01</subfield><subfield code="a">nga</subfield><subfield code="2">RDAfrCarrier</subfield></datafield><datafield tag="200" ind1="1" ind2="#"><subfield code="a">Traverses</subfield><subfield code="e">revue trimestrielle</subfield><subfield code="f">[Centre de création industrielle]</subfield></datafield><datafield tag="207" ind1="#" ind2="0"><subfield code="a">1 (sept. 1975) - 47 (nov. 1989) ; [Nouv. sér.], no 1 (printemps 1992) - no 8 (hiver 1993)</subfield></datafield><datafield tag="214" ind1="#" ind2="0"><subfield code="a">Paris</subfield><subfield code="c">Éditions de Minuit</subfield><subfield code="d">1975-1994</subfield></datafield><datafield tag="305" ind1="#" ind2="#"><subfield code="a">Quelques numéros à thème</subfield></datafield><datafield tag="306" ind1="#" ind2="#"><subfield code="a">L&apos;adresse bibliographique varie</subfield></datafield><datafield tag="314" ind1="#" ind2="#"><subfield code="a">Revue du Centre de création industrielle du Centre national d&apos;art et de culture Georges Pompidou</subfield></datafield><datafield tag="315" ind1="#" ind2="#"><subfield code="a">Publication interrompue de 1990 à 1991</subfield></datafield><datafield tag="316" ind1="#" ind2="#"><subfield code="5">674825119:567568148</subfield><subfield code="a">HEARNUM_3_94963</subfield></datafield><datafield tag="316" ind1="#" ind2="#"><subfield code="5">710766101:118979108</subfield><subfield code="a">(1975-1989)</subfield></datafield><datafield tag="319" ind1="#" ind2="#"><subfield code="5">130555109:196723582</subfield><subfield code="a">Les numéros avant 1990 sont consultables sur place</subfield></datafield><datafield tag="326" ind1="#" ind2="#"><subfield code="a">Trimestriel</subfield></datafield><datafield tag="423" ind1="#" ind2="#"><subfield code="0">18049533X</subfield><subfield code="t">Collection Tra(ns)verses (Lormont)</subfield><subfield code="x">2274-1194</subfield></datafield><datafield tag="530" ind1="1" ind2="#"><subfield code="a">Traverses</subfield><subfield code="b">(Paris)</subfield></datafield><datafield tag="531" ind1="#" ind2="#"><subfield code="a">Traverses</subfield><subfield code="b">(Paris)</subfield></datafield><datafield tag="606" ind1="#" ind2="#"><subfield code="3">032880731</subfield><subfield code="a">Art moderne</subfield><subfield code="2">rameau</subfield></datafield><datafield tag="606" ind1="#" ind2="#"><subfield code="3">02761171X</subfield><subfield code="a">Design industriel</subfield><subfield code="2">rameau</subfield></datafield><datafield tag="606" ind1="#" ind2="#"><subfield code="1">88</subfield><subfield code="a">Arts</subfield><subfield code="x">Périodiques</subfield><subfield code="x">FM647</subfield><subfield code="2">FM</subfield></datafield><datafield tag="606" ind1="#" ind2="#"><subfield code="1">178</subfield><subfield code="a">Philosophie et théorie</subfield><subfield code="2">CAPA</subfield></datafield><datafield tag="608" ind1="#" ind2="#"><subfield code="3">02724640X</subfield><subfield code="a">Périodique</subfield><subfield code="2">rameau</subfield></datafield><datafield tag="675" ind1="#" ind2="#"><subfield code="a">06</subfield></datafield><datafield tag="675" ind1="#" ind2="#"><subfield code="a">82</subfield></datafield><datafield tag="676" ind1="#" ind2="#"><subfield code="a">700</subfield></datafield><datafield tag="676" ind1="#" ind2="#"><subfield code="a">800</subfield></datafield><datafield tag="680" ind1="#" ind2="#"><subfield code="a">N2</subfield></datafield><datafield tag="686" ind1="#" ind2="#"><subfield code="1">88</subfield><subfield code="a">745.05</subfield><subfield code="2">DEWBSG</subfield></datafield><datafield tag="710" ind1="0" ind2="2"><subfield code="3">026365855</subfield><subfield code="a">Centre de création industrielle</subfield><subfield code="c">Paris</subfield><subfield code="c">19..-1992</subfield><subfield code="4">651</subfield></datafield><datafield tag="801" ind1="#" ind2="3"><subfield code="a">FR</subfield><subfield code="b">Abes</subfield><subfield code="c">20250912</subfield><subfield code="g">AFNOR</subfield></datafield><datafield tag="801" ind1="#" ind2="3"><subfield code="a">FR</subfield><subfield code="b">ISSN</subfield><subfield code="c">20140908</subfield></datafield><datafield tag="802" ind1="#" ind2="#"><subfield code="a">07</subfield></datafield><datafield tag="830" ind1="#" ind2="#"><subfield code="a">Réforme Rameau Genre-Forme retro périos (ne pas supprimer)</subfield></datafield><datafield tag="930" ind1="#" ind2="#"><subfield code="5">315555245:23728985701</subfield><subfield code="b">315555245</subfield><subfield code="j">f</subfield></datafield><datafield tag="955" ind1="4" ind2="1"><subfield code="5">315555245:23728985701</subfield><subfield code="b">1</subfield><subfield code="i">1975</subfield><subfield code="b">3</subfield><subfield code="i">1976</subfield></datafield><datafield tag="955" ind1="4" ind2="1"><subfield code="5">315555245:23728985701</subfield><subfield code="b">38</subfield><subfield code="i">1986</subfield><subfield code="b">39</subfield><subfield code="i">1986</subfield></datafield><datafield tag="955" ind1="4" ind2="1"><subfield code="5">315555245:23728985701</subfield><subfield code="b">1</subfield><subfield code="i">1992</subfield><subfield code="b">8</subfield><subfield code="i">1993</subfield><subfield code="r">no. 1 (1975) - no. 3  (1976) ; no. 38 (1986) - no. 39  (1986) ; no. 1 (1992) - no. 8  (1993)</subfield></datafield><datafield tag="940" ind1=" " ind2=" "><subfield code="5">315555245:23728985701</subfield><subfield code="a">20050722</subfield><subfield code="b">rF</subfield></datafield><datafield tag="941" ind1=" " ind2=" "><subfield code="5">315555245:23728985701</subfield><subfield code="a">20050722</subfield><subfield code="b">18:23:46.000</subfield></datafield></record>