<record><leader>     cas0 22        450 </leader><controlfield tag="001">038691051</controlfield><controlfield tag="002">50,51,90,201,204,207,215,219,222,223,226,227,228,229,230,232,233,408,412,414,431</controlfield><controlfield tag="003">https://www.sudoc.fr/038691051</controlfield><controlfield tag="004">19920320</controlfield><controlfield tag="005">20200422182141.000</controlfield><controlfield tag="006">9999</controlfield><controlfield tag="007">1999</controlfield><controlfield tag="008">Abx3</controlfield><datafield tag="011" ind1="#" ind2="#"><subfield code="a">1167-1645</subfield><subfield code="f">1167-1645</subfield></datafield><datafield tag="033" ind1="#" ind2="#"><subfield code="a">https://catalogue.bnf.fr/ark:/12148/cb36134703x</subfield><subfield code="2">BNF</subfield><subfield code="d">20191112</subfield></datafield><datafield tag="034" ind1=" " ind2=" "><subfield code="a">OCoLC</subfield><subfield code="0">36534763</subfield></datafield><datafield tag="035" ind1="#" ind2="#"><subfield code="a">ccn1167-1645</subfield></datafield><datafield tag="035" ind1="#" ind2="#"><subfield code="a">issn11671645</subfield></datafield><datafield tag="100" ind1="#" ind2="#"><subfield code="a">19920320b19921994u  y0frey50      ba</subfield><subfield code="Y">0#</subfield><subfield code="A">1992</subfield><subfield code="B">1994</subfield></datafield><datafield tag="101" ind1="0" ind2="#"><subfield code="a">fre</subfield><subfield code="2">639-2</subfield></datafield><datafield tag="102" ind1="#" ind2="#"><subfield code="a">FR</subfield></datafield><datafield tag="104" ind1="#" ind2="#"><subfield code="a">u</subfield><subfield code="b">y</subfield><subfield code="c">y</subfield><subfield code="d">ba</subfield><subfield code="e">0</subfield><subfield code="f">fre</subfield></datafield><datafield tag="106" ind1="#" ind2="#"><subfield code="a">r</subfield></datafield><datafield tag="110" ind1="#" ind2="#"><subfield code="a">ahu||||@uu|</subfield></datafield><datafield tag="181" ind1="#" ind2="#"><subfield code="6">z01</subfield><subfield code="c">txt</subfield><subfield code="2">rdacontent</subfield></datafield><datafield tag="181" ind1="#" ind2="1"><subfield code="6">z01</subfield><subfield code="a">i#</subfield><subfield code="b">xxxe##</subfield></datafield><datafield tag="182" ind1="#" ind2="#"><subfield code="6">z01</subfield><subfield code="c">n</subfield><subfield code="2">rdamedia</subfield></datafield><datafield tag="182" ind1="#" ind2="1"><subfield code="6">z01</subfield><subfield code="a">n</subfield></datafield><datafield tag="200" ind1="1" ind2="#"><subfield code="a">Documents sur l&apos;art contemporain</subfield></datafield><datafield tag="207" ind1="#" ind2="0"><subfield code="a">N° 0 (1992, mars)-n° 5 (1994, févr.)</subfield></datafield><datafield tag="210" ind1="#" ind2="#"><subfield code="a">Paris</subfield><subfield code="c">Paris art conseil éditions</subfield><subfield code="d">1992-1994</subfield></datafield><datafield tag="326" ind1="#" ind2="#"><subfield code="a">Trimestriel</subfield></datafield><datafield tag="440" ind1="#" ind2="#"><subfield code="0">040517640</subfield><subfield code="t">Documents sur l&apos;art</subfield><subfield code="x">1276-8227</subfield></datafield><datafield tag="530" ind1="1" ind2="#"><subfield code="a">Documents sur l&apos;art contemporain</subfield><subfield code="b">(Paris)</subfield></datafield><datafield tag="531" ind1="#" ind2="#"><subfield code="a">Doc. art contemp.</subfield><subfield code="b">(Paris)</subfield></datafield><datafield tag="606" ind1="#" ind2="#"><subfield code="3">027269418</subfield><subfield code="a">Art</subfield><subfield code="z">20e siècle</subfield><subfield code="2">rameau</subfield></datafield><datafield tag="608" ind1="#" ind2="#"><subfield code="3">02724640X</subfield><subfield code="a">Périodique</subfield><subfield code="2">rameau</subfield></datafield><datafield tag="675" ind1="#" ind2="#"><subfield code="a">7.036</subfield></datafield><datafield tag="676" ind1="#" ind2="#"><subfield code="a">705</subfield></datafield><datafield tag="676" ind1="#" ind2="#"><subfield code="a">709.04</subfield></datafield><datafield tag="676" ind1="#" ind2="#"><subfield code="a">709.440 904</subfield></datafield><datafield tag="676" ind1="#" ind2="#"><subfield code="a">730</subfield></datafield><datafield tag="801" ind1="#" ind2="3"><subfield code="a">FR</subfield><subfield code="b">Abes</subfield><subfield code="c">20200422</subfield><subfield code="g">AFNOR</subfield></datafield><datafield tag="801" ind1="#" ind2="3"><subfield code="a">FR</subfield><subfield code="b">ISSN</subfield><subfield code="c">20101214</subfield></datafield><datafield tag="802" ind1="#" ind2="#"><subfield code="a">07</subfield></datafield><datafield tag="830" ind1="#" ind2="#"><subfield code="a">Réforme Rameau Genre-Forme retro périos (ne pas supprimer)</subfield></datafield><datafield tag="930" ind1="#" ind2="#"><subfield code="5">315555245:23736523501</subfield><subfield code="b">315555245</subfield><subfield code="j">f</subfield></datafield><datafield tag="955" ind1="4" ind2="1"><subfield code="5">315555245:23736523501</subfield><subfield code="b">3</subfield><subfield code="i">1993</subfield><subfield code="b">5</subfield><subfield code="i">1994</subfield><subfield code="r">no. 3 (1993) - no. 5  (1994)</subfield></datafield><datafield tag="940" ind1=" " ind2=" "><subfield code="5">315555245:23736523501</subfield><subfield code="a">20050725</subfield><subfield code="b">rF</subfield></datafield><datafield tag="941" ind1=" " ind2=" "><subfield code="5">315555245:23736523501</subfield><subfield code="a">20050725</subfield><subfield code="b">16:12:25.000</subfield></datafield></record>