<record><leader>     cas0 22        450 </leader><controlfield tag="001">039205606</controlfield><controlfield tag="002">90,146,222,232,233,408</controlfield><controlfield tag="003">https://www.sudoc.fr/039205606</controlfield><controlfield tag="004">19891110</controlfield><controlfield tag="005">20230125140111.000</controlfield><controlfield tag="006">9999</controlfield><controlfield tag="007">1999</controlfield><controlfield tag="008">Abx3</controlfield><datafield tag="011" ind1="#" ind2="#"><subfield code="a">0214-6762</subfield><subfield code="f">0214-6762</subfield></datafield><datafield tag="033" ind1="#" ind2="#"><subfield code="a">https://catalogue.bnf.fr/ark:/12148/cb34458829h</subfield><subfield code="2">BNF</subfield><subfield code="d">20230125</subfield></datafield><datafield tag="034" ind1=" " ind2=" "><subfield code="a">OCoLC</subfield><subfield code="0">803359843</subfield></datafield><datafield tag="035" ind1="#" ind2="#"><subfield code="a">ccn0214-6762</subfield></datafield><datafield tag="035" ind1="#" ind2="#"><subfield code="a">issn02146762</subfield></datafield><datafield tag="100" ind1="#" ind2="#"><subfield code="a">19891110b19892001u  h0frey50      ba</subfield><subfield code="Y">0#</subfield><subfield code="A">1989</subfield><subfield code="B">2001</subfield></datafield><datafield tag="101" ind1="0" ind2="#"><subfield code="a">mul</subfield><subfield code="2">639-2</subfield></datafield><datafield tag="102" ind1="#" ind2="#"><subfield code="a">ES</subfield></datafield><datafield tag="104" ind1="#" ind2="#"><subfield code="a">u</subfield><subfield code="b">h</subfield><subfield code="c">y</subfield><subfield code="d">ba</subfield><subfield code="e">0</subfield><subfield code="f">fre</subfield></datafield><datafield tag="106" ind1="#" ind2="#"><subfield code="a">r</subfield></datafield><datafield tag="110" ind1="#" ind2="#"><subfield code="a">aja||||0uu|</subfield></datafield><datafield tag="181" ind1="#" ind2="#"><subfield code="6">z01</subfield><subfield code="c">txt</subfield><subfield code="2">rdacontent</subfield></datafield><datafield tag="181" ind1="#" ind2="1"><subfield code="6">z01</subfield><subfield code="a">i#</subfield><subfield code="b">xxxe##</subfield></datafield><datafield tag="182" ind1="#" ind2="#"><subfield code="6">z01</subfield><subfield code="c">n</subfield><subfield code="2">rdamedia</subfield></datafield><datafield tag="182" ind1="#" ind2="1"><subfield code="6">z01</subfield><subfield code="a">n</subfield></datafield><datafield tag="200" ind1="1" ind2="#"><subfield code="a">Kalías</subfield></datafield><datafield tag="210" ind1="#" ind2="#"><subfield code="a">[Valencia]</subfield><subfield code="c">Generalitat Valenciana, Conselleria de Cultura, Educació i Ciencia, IVAM Centre Julio González</subfield><subfield code="d">1989-2001</subfield></datafield><datafield tag="326" ind1="#" ind2="#"><subfield code="a">Semestriel</subfield></datafield><datafield tag="530" ind1="1" ind2="#"><subfield code="a">Kalías</subfield><subfield code="b">(Valencia)</subfield></datafield><datafield tag="531" ind1="#" ind2="#"><subfield code="a">Kalías</subfield><subfield code="b">(Valencia)</subfield></datafield><datafield tag="606" ind1="#" ind2="#"><subfield code="3">027269302</subfield><subfield code="a">Art</subfield><subfield code="2">rameau</subfield></datafield><datafield tag="606" ind1="#" ind2="#"><subfield code="3">027269418</subfield><subfield code="a">Art</subfield><subfield code="z">20e siècle</subfield><subfield code="2">rameau</subfield></datafield><datafield tag="606" ind1="#" ind2="#"><subfield code="3">027269302</subfield><subfield code="a">Art</subfield><subfield code="3">050665391</subfield><subfield code="z">2000-....</subfield><subfield code="2">rameau</subfield></datafield><datafield tag="606" ind1="#" ind2="#"><subfield code="3">027269418</subfield><subfield code="a">Art</subfield><subfield code="z">20e siècle</subfield><subfield code="2">rameau</subfield></datafield><datafield tag="608" ind1="#" ind2="#"><subfield code="3">02724640X</subfield><subfield code="a">Périodique</subfield><subfield code="2">rameau</subfield></datafield><datafield tag="675" ind1="#" ind2="#"><subfield code="a">7</subfield></datafield><datafield tag="676" ind1="#" ind2="#"><subfield code="a">700</subfield></datafield><datafield tag="712" ind1="0" ind2="2"><subfield code="3">033240795</subfield><subfield code="a">Institut valencià d&apos;art modern-Centre Julio Gonzalez</subfield><subfield code="c">Valence, Espagne</subfield><subfield code="4">340</subfield></datafield><datafield tag="801" ind1="#" ind2="3"><subfield code="a">FR</subfield><subfield code="b">Abes</subfield><subfield code="c">20230125</subfield><subfield code="g">AFNOR</subfield></datafield><datafield tag="801" ind1="#" ind2="3"><subfield code="a">FR</subfield><subfield code="b">ISSN</subfield><subfield code="c">20210317</subfield></datafield><datafield tag="802" ind1="#" ind2="#"><subfield code="a">0u</subfield></datafield><datafield tag="830" ind1="#" ind2="#"><subfield code="a">Réforme Rameau Genre-Forme retro périos (ne pas supprimer)</subfield></datafield><datafield tag="930" ind1="#" ind2="#"><subfield code="5">315555245:23745376201</subfield><subfield code="b">315555245</subfield><subfield code="j">f</subfield></datafield><datafield tag="955" ind1="4" ind2="1"><subfield code="5">315555245:23745376201</subfield><subfield code="b">2</subfield><subfield code="i">1989</subfield><subfield code="b">13</subfield><subfield code="i">1995</subfield></datafield><datafield tag="955" ind1="4" ind2="1"><subfield code="5">315555245:23745376201</subfield><subfield code="b">21</subfield><subfield code="i">1999</subfield><subfield code="b">22</subfield><subfield code="i">1999</subfield></datafield><datafield tag="955" ind1="4" ind2="1"><subfield code="5">315555245:23745376201</subfield><subfield code="b">25</subfield><subfield code="i">2001</subfield><subfield code="b">26</subfield><subfield code="i">2001</subfield><subfield code="r">no. 2 (1989) - no. 13  (1995) ; no. 21 (1999) - no. 22  (1999) ; no. 25 (2001) - no. 26  (2001)</subfield></datafield><datafield tag="940" ind1=" " ind2=" "><subfield code="5">315555245:23745376201</subfield><subfield code="a">20050726</subfield><subfield code="b">rF</subfield></datafield><datafield tag="941" ind1=" " ind2=" "><subfield code="5">315555245:23745376201</subfield><subfield code="a">20050726</subfield><subfield code="b">18:35:06.000</subfield></datafield></record>