<record><leader>     cas0 22        450 </leader><controlfield tag="001">039287459</controlfield><controlfield tag="002">4,5,8,10,12,15,16,21,24,27,29,32,35,39,41,45,50,51,54,56,58,59,60,61,62,63,67,68,70,72,74,75,80,82,83,86,88,90,91,102,126,129,146,159,173,175,178,185,200,201,202,203,204,205,206,207,209,215,219,220,222,223,224,225,226,227,228,229,230,231,232,233,402,408,412,414,416,418,424,427,428,431</controlfield><controlfield tag="003">https://www.sudoc.fr/039287459</controlfield><controlfield tag="004">19901010</controlfield><controlfield tag="005">20240326164204.000</controlfield><controlfield tag="006">9999</controlfield><controlfield tag="007">751052116</controlfield><controlfield tag="008">Abx3</controlfield><datafield tag="011" ind1="#" ind2="#"><subfield code="a">0181-1525</subfield><subfield code="f">0181-1525</subfield></datafield><datafield tag="033" ind1="#" ind2="#"><subfield code="a">https://catalogue.bnf.fr/ark:/12148/cb34354479t</subfield><subfield code="2">BNF</subfield><subfield code="d">20191108</subfield></datafield><datafield tag="033" ind1="#" ind2="#"><subfield code="a">https://reseau-mirabel.info/revue/titre-id/21187</subfield><subfield code="2">Mir@bel</subfield><subfield code="d">20230713</subfield></datafield><datafield tag="034" ind1=" " ind2=" "><subfield code="a">OCoLC</subfield><subfield code="0">6078768</subfield></datafield><datafield tag="035" ind1="#" ind2="#"><subfield code="a">ccn0181-1525</subfield></datafield><datafield tag="035" ind1="#" ind2="#"><subfield code="a">issn01811525</subfield></datafield><datafield tag="035" ind1="#" ind2="#"><subfield code="a">MIR_21187</subfield></datafield><datafield tag="035" ind1="#" ind2="#"><subfield code="1">21</subfield><subfield code="a">161355</subfield></datafield><datafield tag="035" ind1="#" ind2="#"><subfield code="1">54</subfield><subfield code="a">alp161239</subfield></datafield><datafield tag="035" ind1="#" ind2="#"><subfield code="1">63</subfield><subfield code="a">102531</subfield></datafield><datafield tag="035" ind1="#" ind2="#"><subfield code="1">70</subfield><subfield code="a">01-0061458</subfield></datafield><datafield tag="035" ind1="#" ind2="#"><subfield code="1">74</subfield><subfield code="a">ALP310281</subfield></datafield><datafield tag="035" ind1="#" ind2="#"><subfield code="1">418</subfield><subfield code="a">36448</subfield></datafield><datafield tag="100" ind1="#" ind2="#"><subfield code="a">19901010a19799999k  y0frey50      ba</subfield><subfield code="Y">0#</subfield><subfield code="A">1979</subfield><subfield code="D">1979-...</subfield></datafield><datafield tag="101" ind1="0" ind2="#"><subfield code="a">fre</subfield><subfield code="2">639-2</subfield></datafield><datafield tag="102" ind1="#" ind2="#"><subfield code="a">FR</subfield></datafield><datafield tag="104" ind1="#" ind2="#"><subfield code="a">k</subfield><subfield code="b">y</subfield><subfield code="c">y</subfield><subfield code="d">ba</subfield><subfield code="e">0</subfield><subfield code="f">fre</subfield></datafield><datafield tag="106" ind1="#" ind2="#"><subfield code="a">r</subfield></datafield><datafield tag="110" ind1="#" ind2="#"><subfield code="a">ah||z  0|||</subfield></datafield><datafield tag="181" ind1="#" ind2="#"><subfield code="6">z01</subfield><subfield code="c">txt</subfield><subfield code="2">rdacontent</subfield></datafield><datafield tag="181" ind1="#" ind2="1"><subfield code="6">z01</subfield><subfield code="a">i#</subfield><subfield code="b">xxxe##</subfield></datafield><datafield tag="182" ind1="#" ind2="#"><subfield code="6">z01</subfield><subfield code="c">n</subfield><subfield code="2">rdamedia</subfield></datafield><datafield tag="182" ind1="#" ind2="1"><subfield code="6">z01</subfield><subfield code="a">n</subfield></datafield><datafield tag="183" ind1="#" ind2="#"><subfield code="6">z01</subfield><subfield code="a">nga</subfield><subfield code="2">RDAfrCarrier</subfield></datafield><datafield tag="200" ind1="1" ind2="#"><subfield code="a">Cahiers du Musée national d&apos;art moderne</subfield></datafield><datafield tag="207" ind1="#" ind2="0"><subfield code="a">No.1 (1979) -</subfield></datafield><datafield tag="214" ind1="#" ind2="0"><subfield code="a">Paris</subfield><subfield code="c">Centre Georges-Pompidou</subfield><subfield code="d">1979-</subfield></datafield><datafield tag="316" ind1="#" ind2="#"><subfield code="5">674825119:564870730</subfield><subfield code="a">HEARNUM_3_94874</subfield></datafield><datafield tag="316" ind1="#" ind2="#"><subfield code="5">751132105:123290988</subfield><subfield code="a">Abonnements UPDI</subfield></datafield><datafield tag="319" ind1="#" ind2="#"><subfield code="5">130555109:196725186</subfield><subfield code="a">les numéros avant 1990 sont consultables sur place</subfield></datafield><datafield tag="319" ind1="#" ind2="#"><subfield code="5">751062312:123291062</subfield><subfield code="a">Reproductible</subfield></datafield><datafield tag="326" ind1="#" ind2="#"><subfield code="a">Trimestriel</subfield><subfield code="b">1988-</subfield></datafield><datafield tag="326" ind1="#" ind2="#"><subfield code="a">Semestriel</subfield><subfield code="b">1981-1987</subfield></datafield><datafield tag="326" ind1="#" ind2="#"><subfield code="a">Trimestriel</subfield><subfield code="b">1979-1980</subfield></datafield><datafield tag="421" ind1="#" ind2="#"><subfield code="0">001427040</subfield><subfield code="t">Catalogus - Institut des hautes études en arts plastiques</subfield><subfield code="x">0997-1319</subfield></datafield><datafield tag="421" ind1="#" ind2="#"><subfield code="0">040581497</subfield><subfield code="t">Les Cahiers du Musée national d&apos;art moderne. Hors-série-archives</subfield><subfield code="x">1285-3690</subfield></datafield><datafield tag="421" ind1="#" ind2="#"><subfield code="t">Questions d&apos;histoire de l&apos;art</subfield></datafield><datafield tag="421" ind1="#" ind2="#"><subfield code="t">L&apos;âge d&apos;or</subfield></datafield><datafield tag="452" ind1="#" ind2="#"><subfield code="0">275323420</subfield><subfield code="t">Cahiers du Musée national d&apos;art moderne</subfield><subfield code="d">1979</subfield><subfield code="c">Paris</subfield><subfield code="n">Centre Georges-Pompidou</subfield></datafield><datafield tag="515" ind1="#" ind2="#"><subfield code="a">Cahiers du MNAM</subfield></datafield><datafield tag="515" ind1="#" ind2="#"><subfield code="a">Les cahiers du Musée national d&apos;art moderne</subfield></datafield><datafield tag="530" ind1="1" ind2="#"><subfield code="a">Cahiers du Musée national d&apos;art moderne</subfield></datafield><datafield tag="531" ind1="#" ind2="#"><subfield code="a">Cah. Mus. natl. art mod.</subfield></datafield><datafield tag="606" ind1="#" ind2="#"><subfield code="3">027269302</subfield><subfield code="a">Art</subfield><subfield code="2">rameau</subfield></datafield><datafield tag="606" ind1="#" ind2="#"><subfield code="3">027269418</subfield><subfield code="a">Art</subfield><subfield code="z">20e siècle</subfield><subfield code="2">rameau</subfield></datafield><datafield tag="606" ind1="#" ind2="#"><subfield code="3">02727652X</subfield><subfield code="a">Musées d&apos;art</subfield><subfield code="3">027226794</subfield><subfield code="y">France</subfield><subfield code="2">rameau</subfield></datafield><datafield tag="606" ind1="#" ind2="#"><subfield code="1">178</subfield><subfield code="a">Architecture</subfield><subfield code="2">CAPA</subfield></datafield><datafield tag="608" ind1="#" ind2="#"><subfield code="3">02724640X</subfield><subfield code="a">Périodique</subfield><subfield code="2">rameau</subfield></datafield><datafield tag="675" ind1="#" ind2="#"><subfield code="a">7</subfield></datafield><datafield tag="676" ind1="#" ind2="#"><subfield code="a">709.04</subfield></datafield><datafield tag="680" ind1="#" ind2="#"><subfield code="a">N6490</subfield></datafield><datafield tag="686" ind1="#" ind2="#"><subfield code="1">88</subfield><subfield code="a">709.005</subfield><subfield code="2">DEWBSG</subfield></datafield><datafield tag="710" ind1="0" ind2="2"><subfield code="3">026394561</subfield><subfield code="a">Musée national d&apos;art moderne</subfield><subfield code="c">Paris</subfield><subfield code="c">1937-1993</subfield><subfield code="4">651</subfield></datafield><datafield tag="711" ind1="0" ind2="2"><subfield code="3">03336673X</subfield><subfield code="a">Musée national d&apos;art moderne-Centre de création industrielle</subfield><subfield code="c">Paris</subfield><subfield code="4">651</subfield></datafield><datafield tag="711" ind1="0" ind2="2"><subfield code="3">027229769</subfield><subfield code="a">Centre national d&apos;art et de culture Georges Pompidou</subfield><subfield code="c">Paris</subfield><subfield code="4">651</subfield></datafield><datafield tag="801" ind1="#" ind2="3"><subfield code="a">FR</subfield><subfield code="b">Abes</subfield><subfield code="c">20240326</subfield><subfield code="g">AFNOR</subfield></datafield><datafield tag="801" ind1="#" ind2="3"><subfield code="a">FR</subfield><subfield code="b">ISSN</subfield><subfield code="c">20150703</subfield></datafield><datafield tag="802" ind1="#" ind2="#"><subfield code="a">07</subfield></datafield><datafield tag="830" ind1="#" ind2="#"><subfield code="a">Réforme Rameau Genre-Forme retro périos (ne pas supprimer)</subfield></datafield><datafield tag="930" ind1="#" ind2="#"><subfield code="5">315555245:22251685201</subfield><subfield code="b">315555245</subfield><subfield code="j">f</subfield></datafield><datafield tag="955" ind1="4" ind2="1"><subfield code="5">315555245:22251685201</subfield><subfield code="b">1</subfield><subfield code="i">1979</subfield><subfield code="b">28</subfield><subfield code="i">1989</subfield></datafield><datafield tag="955" ind1="4" ind2="1"><subfield code="5">315555245:22251685201</subfield><subfield code="b">30</subfield><subfield code="i">1989</subfield><subfield code="b">36</subfield><subfield code="i">1991</subfield></datafield><datafield tag="955" ind1="4" ind2="1"><subfield code="5">315555245:22251685201</subfield><subfield code="b">38</subfield><subfield code="i">1991</subfield><subfield code="i"/><subfield code="j"/><subfield code="k"/><subfield code="a"/><subfield code="b"/><subfield code="c"/><subfield code="r">no. 1 (1979) - no. 28  (1989) ; no. 30 (1989) - no. 36  (1991) ; no. 38 (1991)-....</subfield></datafield><datafield tag="940" ind1=" " ind2=" "><subfield code="5">315555245:22251685201</subfield><subfield code="a">20050204</subfield><subfield code="b">xO</subfield></datafield><datafield tag="941" ind1=" " ind2=" "><subfield code="5">315555245:22251685201</subfield><subfield code="a">20050204</subfield><subfield code="b">17:52:43.000</subfield></datafield></record>