<record><leader>     cas0 22        450 </leader><controlfield tag="001">039730263</controlfield><controlfield tag="002">4,5,15,35,39,49,50,54,59,61,63,67,68,70,72,75,80,86,90,102,126,159,167,174,185,200,201,204,207,209,215,220,222,223,224,226,229,232,233,408,412,414,418,424,426,427,428</controlfield><controlfield tag="003">https://www.sudoc.fr/039730263</controlfield><controlfield tag="004">19850910</controlfield><controlfield tag="005">20250416152806.000</controlfield><controlfield tag="006">9999</controlfield><controlfield tag="007">751052105</controlfield><controlfield tag="008">Abx3</controlfield><datafield tag="011" ind1="#" ind2="#"><subfield code="a">0773-9532</subfield><subfield code="f">0773-9532</subfield></datafield><datafield tag="033" ind1="#" ind2="#"><subfield code="a">https://reseau-mirabel.info/revue/titre-id/3922</subfield><subfield code="2">Mir@bel</subfield><subfield code="d">20200710</subfield></datafield><datafield tag="033" ind1="#" ind2="#"><subfield code="a">https://catalogue.bnf.fr/ark:/12148/cb344695906</subfield><subfield code="2">BNF</subfield><subfield code="d">20230511</subfield></datafield><datafield tag="034" ind1=" " ind2=" "><subfield code="a">OCoLC</subfield><subfield code="0">73118181</subfield></datafield><datafield tag="035" ind1="#" ind2="#"><subfield code="a">ccn0773-9532</subfield></datafield><datafield tag="035" ind1="#" ind2="#"><subfield code="a">MIR_3922</subfield></datafield><datafield tag="035" ind1="#" ind2="#"><subfield code="a">issn07739532</subfield></datafield><datafield tag="035" ind1="#" ind2="#"><subfield code="1">70</subfield><subfield code="a">01-0074822</subfield></datafield><datafield tag="035" ind1="#" ind2="#"><subfield code="1">418</subfield><subfield code="a">35036</subfield></datafield><datafield tag="100" ind1="#" ind2="#"><subfield code="a">19850910a19859999||||0fre|50      ba</subfield><subfield code="Y">0#</subfield><subfield code="A">1985</subfield><subfield code="D">1985-...</subfield></datafield><datafield tag="101" ind1="0" ind2="#"><subfield code="a">fre</subfield><subfield code="2">639-2</subfield></datafield><datafield tag="102" ind1="#" ind2="#"><subfield code="a">BE</subfield></datafield><datafield tag="104" ind1="#" ind2="#"><subfield code="d">ba</subfield><subfield code="e">0</subfield><subfield code="f">fre</subfield></datafield><datafield tag="106" ind1="#" ind2="#"><subfield code="a">r</subfield></datafield><datafield tag="110" ind1="#" ind2="#"><subfield code="a">ak|||||||||</subfield></datafield><datafield tag="181" ind1="#" ind2="#"><subfield code="6">z01</subfield><subfield code="c">txt</subfield><subfield code="2">rdacontent</subfield></datafield><datafield tag="181" ind1="#" ind2="1"><subfield code="6">z01</subfield><subfield code="a">i#</subfield><subfield code="b">xxxe##</subfield></datafield><datafield tag="182" ind1="#" ind2="#"><subfield code="6">z01</subfield><subfield code="c">n</subfield><subfield code="2">rdamedia</subfield></datafield><datafield tag="182" ind1="#" ind2="1"><subfield code="6">z01</subfield><subfield code="a">n</subfield></datafield><datafield tag="183" ind1="#" ind2="#"><subfield code="6">z01</subfield><subfield code="a">nga</subfield><subfield code="2">RDAfrCarrier</subfield></datafield><datafield tag="200" ind1="1" ind2="#"><subfield code="a">La Part de l&apos;œil</subfield><subfield code="e">revue de pensée des arts plastiques</subfield></datafield><datafield tag="207" ind1="#" ind2="1"><subfield code="a">No.1 (1985) -</subfield></datafield><datafield tag="214" ind1="#" ind2="0"><subfield code="a">Bruxelles</subfield><subfield code="c">La part de l&apos;œil</subfield><subfield code="d">1985-</subfield></datafield><datafield tag="326" ind1="#" ind2="#"><subfield code="a">Annuel</subfield></datafield><datafield tag="517" ind1="#" ind2="#"><subfield code="a">Revue de pensée des arts plastiques</subfield></datafield><datafield tag="530" ind1="0" ind2="#"><subfield code="a">La Part de l&apos;œil</subfield></datafield><datafield tag="531" ind1="#" ind2="#"><subfield code="a">Part œil</subfield></datafield><datafield tag="606" ind1="#" ind2="#"><subfield code="3">027269418</subfield><subfield code="a">Art</subfield><subfield code="z">20e siècle</subfield><subfield code="2">rameau</subfield></datafield><datafield tag="606" ind1="#" ind2="#"><subfield code="3">027269302</subfield><subfield code="a">Art</subfield><subfield code="3">050665391</subfield><subfield code="z">2000-....</subfield><subfield code="2">rameau</subfield></datafield><datafield tag="606" ind1="#" ind2="#"><subfield code="3">027224503</subfield><subfield code="a">Esthétique</subfield><subfield code="2">rameau</subfield></datafield><datafield tag="606" ind1="#" ind2="#"><subfield code="3">03221474X</subfield><subfield code="a">Psychanalyse et arts</subfield><subfield code="2">rameau</subfield></datafield><datafield tag="608" ind1="#" ind2="#"><subfield code="3">02724640X</subfield><subfield code="a">Périodique</subfield><subfield code="2">rameau</subfield></datafield><datafield tag="675" ind1="#" ind2="#"><subfield code="a">7</subfield></datafield><datafield tag="675" ind1="#" ind2="#"><subfield code="a">347.784</subfield></datafield><datafield tag="675" ind1="#" ind2="#"><subfield code="a">7.01</subfield></datafield><datafield tag="676" ind1="#" ind2="#"><subfield code="a">700</subfield></datafield><datafield tag="680" ind1="#" ind2="#"><subfield code="a">N2</subfield></datafield><datafield tag="801" ind1="#" ind2="3"><subfield code="a">FR</subfield><subfield code="b">Abes</subfield><subfield code="c">20250416</subfield><subfield code="g">AFNOR</subfield></datafield><datafield tag="801" ind1="#" ind2="3"><subfield code="a">FR</subfield><subfield code="b">ISSN</subfield><subfield code="c">20240731</subfield></datafield><datafield tag="802" ind1="#" ind2="#"><subfield code="a">0m</subfield></datafield><datafield tag="830" ind1="#" ind2="#"><subfield code="a">Réforme Rameau Genre-Forme retro périos (ne pas supprimer)</subfield></datafield><datafield tag="930" ind1="#" ind2="#"><subfield code="5">315555245:22768225401</subfield><subfield code="b">315555245</subfield><subfield code="j">f</subfield></datafield><datafield tag="955" ind1="4" ind2="1"><subfield code="5">315555245:22768225401</subfield><subfield code="b">2</subfield><subfield code="i">1986</subfield><subfield code="i"/><subfield code="j"/><subfield code="k"/><subfield code="a"/><subfield code="b"/><subfield code="c"/><subfield code="r">no. 2 (1986)-....</subfield></datafield><datafield tag="940" ind1=" " ind2=" "><subfield code="5">315555245:22768225401</subfield><subfield code="a">20050405</subfield><subfield code="b">xO</subfield></datafield><datafield tag="941" ind1=" " ind2=" "><subfield code="5">315555245:22768225401</subfield><subfield code="a">20050405</subfield><subfield code="b">12:35:06.000</subfield></datafield></record>