<record><leader>     cas0 22        450 </leader><controlfield tag="001">039741532</controlfield><controlfield tag="002">4,11,25,27,38,39,45,49,50,56,60,61,63,67,68,72,75,80,86,90,91,102,204,222,229,233,402,408,414,418,427</controlfield><controlfield tag="003">https://www.sudoc.fr/039741532</controlfield><controlfield tag="004">19930308</controlfield><controlfield tag="005">20250701150752.000</controlfield><controlfield tag="006">9999</controlfield><controlfield tag="007">693872101</controlfield><controlfield tag="008">Abx3</controlfield><datafield tag="011" ind1="#" ind2="#"><subfield code="a">0779-1674</subfield><subfield code="f">0779-1674</subfield></datafield><datafield tag="033" ind1="#" ind2="#"><subfield code="a">https://catalogue.bnf.fr/ark:/12148/cb389515658</subfield><subfield code="2">BNF</subfield><subfield code="d">20191112</subfield></datafield><datafield tag="033" ind1="#" ind2="#"><subfield code="a">https://reseau-mirabel.info/revue/titre-id/1935</subfield><subfield code="2">Mir@bel</subfield><subfield code="d">20200710</subfield></datafield><datafield tag="034" ind1=" " ind2=" "><subfield code="a">OCoLC</subfield><subfield code="0">474315011</subfield></datafield><datafield tag="035" ind1="#" ind2="#"><subfield code="a">ccn0779-1674</subfield></datafield><datafield tag="035" ind1="#" ind2="#"><subfield code="a">FRBNF389515650000007</subfield></datafield><datafield tag="035" ind1="#" ind2="#"><subfield code="a">issn07791674</subfield></datafield><datafield tag="035" ind1="#" ind2="#"><subfield code="a">MIR_1935</subfield></datafield><datafield tag="035" ind1="#" ind2="#"><subfield code="1">56</subfield><subfield code="a">650332</subfield></datafield><datafield tag="035" ind1="#" ind2="#"><subfield code="1">418</subfield><subfield code="a">35227</subfield></datafield><datafield tag="100" ind1="#" ind2="#"><subfield code="a">19930308a19889999k  y0frey50      ba</subfield><subfield code="Y">0#</subfield><subfield code="A">1988</subfield><subfield code="D">1988-...</subfield></datafield><datafield tag="101" ind1="0" ind2="#"><subfield code="a">fre</subfield><subfield code="2">639-2</subfield></datafield><datafield tag="102" ind1="#" ind2="#"><subfield code="a">FR</subfield></datafield><datafield tag="104" ind1="#" ind2="#"><subfield code="a">k</subfield><subfield code="b">y</subfield><subfield code="c">y</subfield><subfield code="d">ba</subfield><subfield code="e">0</subfield><subfield code="f">fre</subfield></datafield><datafield tag="106" ind1="#" ind2="#"><subfield code="a">r</subfield></datafield><datafield tag="110" ind1="#" ind2="#"><subfield code="a">aku||||0uu|</subfield></datafield><datafield tag="181" ind1="#" ind2="#"><subfield code="6">z01</subfield><subfield code="c">txt</subfield><subfield code="2">rdacontent</subfield></datafield><datafield tag="181" ind1="#" ind2="1"><subfield code="6">z01</subfield><subfield code="a">i#</subfield><subfield code="b">xxxe##</subfield></datafield><datafield tag="182" ind1="#" ind2="#"><subfield code="6">z01</subfield><subfield code="c">n</subfield><subfield code="2">rdamedia</subfield></datafield><datafield tag="182" ind1="#" ind2="1"><subfield code="6">z01</subfield><subfield code="a">n</subfield></datafield><datafield tag="183" ind1="#" ind2="#"><subfield code="6">z01</subfield><subfield code="a">nga</subfield><subfield code="2">RDAfrCarrier</subfield></datafield><datafield tag="200" ind1="1" ind2="#"><subfield code="a">Sociologie de l&apos;art</subfield></datafield><datafield tag="207" ind1="#" ind2="0"><subfield code="a">No 1 (1989)-3 (1990)</subfield><subfield code="a">no 4 (1991)-no 13 (2000)</subfield><subfield code="a">nouv. sér., 1/2 (2002)-</subfield></datafield><datafield tag="214" ind1="#" ind2="0"><subfield code="a">Bruxelles</subfield><subfield code="c">Ed. La Lettre volée</subfield><subfield code="d">1988-</subfield></datafield><datafield tag="214" ind1="#" ind2="0"><subfield code="a">Bruxelles</subfield><subfield code="c">Comité de recherche AISLF &quot;Sociologie de l&apos;art&quot;</subfield><subfield code="d">1989-1990</subfield></datafield><datafield tag="214" ind1="#" ind2="0"><subfield code="a">Bruxelles</subfield><subfield code="c">Comité de recherche en sociologie de l&apos;art de l&apos;AISLF</subfield><subfield code="d">1991</subfield></datafield><datafield tag="214" ind1="#" ind2="0"><subfield code="a">Bruxelles</subfield><subfield code="c">Éd. La Lettre volée</subfield><subfield code="d">1992-2000</subfield></datafield><datafield tag="214" ind1="#" ind2="0"><subfield code="a">Paris</subfield><subfield code="c">L&apos;Harmattan</subfield><subfield code="d">2002-</subfield></datafield><datafield tag="215" ind1="#" ind2="#"><subfield code="d">22 cm</subfield></datafield><datafield tag="300" ind1="#" ind2="#"><subfield code="a">À partir de 2002, chaque livraison porte aussi sur un thème</subfield></datafield><datafield tag="302" ind1="#" ind2="#"><subfield code="a">Résumés en français et en anglais dès 1993 et en espagnol dès 2002</subfield></datafield><datafield tag="314" ind1="#" ind2="#"><subfield code="a">Coédité par le GDR OPuS (Groupement de recherche Oeuvres, publics, sociétés) à partir de 2002</subfield></datafield><datafield tag="315" ind1="#" ind2="#"><subfield code="a">Publication interrompue en 2001</subfield></datafield><datafield tag="316" ind1="#" ind2="#"><subfield code="5">751062312:223319864</subfield><subfield code="a">numéro double 25-26</subfield></datafield><datafield tag="319" ind1="#" ind2="#"><subfield code="5">751062312:223319864</subfield><subfield code="a">Reproductible</subfield></datafield><datafield tag="326" ind1="#" ind2="#"><subfield code="a">Semestriel</subfield><subfield code="b">2002-</subfield></datafield><datafield tag="326" ind1="#" ind2="#"><subfield code="a">Annuel</subfield><subfield code="b">1989-2000</subfield></datafield><datafield tag="452" ind1="#" ind2="#"><subfield code="0">167239430</subfield><subfield code="t">Sociologie de l&apos;art</subfield><subfield code="x">2264-5209</subfield></datafield><datafield tag="517" ind1="#" ind2="#"><subfield code="a">Sociologie de l&apos;art</subfield><subfield code="e">bulletin de liaison du Comité de recherche en sociologie de l&apos;art de l&apos;AISLF</subfield><subfield code="j">1991</subfield></datafield><datafield tag="517" ind1="#" ind2="#"><subfield code="a">Bulletin de liaison [du] Comité de recherche AISLF &quot;Sociologie de l&apos;art&quot;</subfield><subfield code="j">1989-1990</subfield></datafield><datafield tag="517" ind1="#" ind2="#"><subfield code="a">OPuS. Sociologie de l&apos;art</subfield><subfield code="j">2002-</subfield></datafield><datafield tag="517" ind1="#" ind2="#"><subfield code="a">Sociologie de l&apos;art (Paris)</subfield></datafield><datafield tag="520" ind1="1" ind2="#"><subfield code="a">Sociologie de l&apos;art</subfield><subfield code="j">2002-</subfield></datafield><datafield tag="530" ind1="1" ind2="#"><subfield code="a">Sociologie de l&apos;art</subfield><subfield code="b">(Bruxelles)</subfield></datafield><datafield tag="531" ind1="#" ind2="#"><subfield code="a">Sociol. art</subfield><subfield code="b">(Brux.)</subfield></datafield><datafield tag="606" ind1="#" ind2="#"><subfield code="3">050594885</subfield><subfield code="a">Sociologie de l&apos;art</subfield><subfield code="2">rameau</subfield></datafield><datafield tag="606" ind1="#" ind2="#"><subfield code="3">02734827X</subfield><subfield code="a">Art et société</subfield><subfield code="3">086305646</subfield><subfield code="z">20e siècle</subfield><subfield code="2">rameau</subfield></datafield><datafield tag="606" ind1="#" ind2="#"><subfield code="3">02734827X</subfield><subfield code="a">Art et société</subfield><subfield code="3">050665391</subfield><subfield code="z">2000-....</subfield><subfield code="2">rameau</subfield></datafield><datafield tag="608" ind1="#" ind2="#"><subfield code="3">02724640X</subfield><subfield code="a">Périodique</subfield><subfield code="2">rameau</subfield></datafield><datafield tag="675" ind1="#" ind2="#"><subfield code="a">7.035/.036</subfield></datafield><datafield tag="675" ind1="#" ind2="#"><subfield code="a">7.01</subfield></datafield><datafield tag="675" ind1="#" ind2="#"><subfield code="a">701</subfield></datafield><datafield tag="676" ind1="#" ind2="#"><subfield code="a">709.04</subfield></datafield><datafield tag="676" ind1="#" ind2="#"><subfield code="a">306.47</subfield></datafield><datafield tag="676" ind1="#" ind2="#"><subfield code="a">700</subfield></datafield><datafield tag="680" ind1="#" ind2="#"><subfield code="a">N2</subfield></datafield><datafield tag="686" ind1="#" ind2="#"><subfield code="a">300</subfield><subfield code="2">Cadre de classement de la Bibliographie nationale française</subfield></datafield><datafield tag="710" ind1="0" ind2="2"><subfield code="3">159070074</subfield><subfield code="a">Comité de recherche en sociologie de l&apos;art</subfield><subfield code="4">070</subfield></datafield><datafield tag="711" ind1="0" ind2="2"><subfield code="3">069234124</subfield><subfield code="a">Groupement de recherche Œuvres, publics, sociétés</subfield><subfield code="c">France</subfield><subfield code="c">1999-2002</subfield><subfield code="4">340</subfield></datafield><datafield tag="712" ind1="0" ind2="2"><subfield code="3">285864777</subfield><subfield code="a">La lettre volée</subfield><subfield code="c">Bruxelles</subfield><subfield code="c">1989-...</subfield><subfield code="4">650</subfield></datafield><datafield tag="801" ind1="#" ind2="3"><subfield code="a">FR</subfield><subfield code="b">Abes</subfield><subfield code="c">20250701</subfield><subfield code="g">AFNOR</subfield></datafield><datafield tag="801" ind1="#" ind2="0"><subfield code="a">FR</subfield><subfield code="b">BNF</subfield><subfield code="c">20030206</subfield><subfield code="g">AFNOR</subfield><subfield code="2">intermrc</subfield></datafield><datafield tag="801" ind1="#" ind2="3"><subfield code="a">FR</subfield><subfield code="b">ISSN France</subfield><subfield code="c">20150210</subfield></datafield><datafield tag="802" ind1="#" ind2="#"><subfield code="a">07</subfield></datafield><datafield tag="830" ind1="#" ind2="#"><subfield code="a">Réforme Rameau Genre-Forme retro périos (ne pas supprimer)</subfield></datafield><datafield tag="930" ind1="#" ind2="#"><subfield code="5">315555245:23742781801</subfield><subfield code="b">315555245</subfield><subfield code="j">f</subfield></datafield><datafield tag="955" ind1="4" ind2="1"><subfield code="5">315555245:23742781801</subfield><subfield code="b">9</subfield><subfield code="i">1996</subfield></datafield><datafield tag="955" ind1="4" ind2="1"><subfield code="5">315555245:23742781801</subfield><subfield code="b">11</subfield><subfield code="i">1998</subfield><subfield code="b">12</subfield><subfield code="i">1999</subfield><subfield code="r">no. 9 (1996) ; no. 11 (1998) - no. 12  (1999)</subfield></datafield><datafield tag="940" ind1=" " ind2=" "><subfield code="5">315555245:23742781801</subfield><subfield code="a">20050726</subfield><subfield code="b">rF</subfield></datafield><datafield tag="941" ind1=" " ind2=" "><subfield code="5">315555245:23742781801</subfield><subfield code="a">20050726</subfield><subfield code="b">15:27:49.000</subfield></datafield></record>