<record><leader>     cas0 22        450 </leader><controlfield tag="001">039852520</controlfield><controlfield tag="002">4,27,35,38,39,41,45,49,50,51,56,59,61,62,63,67,72,74,75,80,82,88,90,91,102,129,167,185,200,201,204,205,207,209,215,222,223,224,226,229,230,231,232,233,408,412,414,418,427,428,431</controlfield><controlfield tag="003">https://www.sudoc.fr/039852520</controlfield><controlfield tag="004">19890105</controlfield><controlfield tag="005">20250620122137.000</controlfield><controlfield tag="006">9999</controlfield><controlfield tag="007">693872101</controlfield><controlfield tag="008">Abx3</controlfield><datafield tag="011" ind1="#" ind2="#"><subfield code="a">0989-6023</subfield><subfield code="d">le n°  85 F</subfield><subfield code="d">abonn. 260 F</subfield></datafield><datafield tag="020" ind1="#" ind2="#"><subfield code="a">FR</subfield><subfield code="b">18900822</subfield></datafield><datafield tag="033" ind1="#" ind2="#"><subfield code="a">https://catalogue.bnf.fr/ark:/12148/cb34408374x</subfield><subfield code="2">BNF</subfield><subfield code="d">20191112</subfield></datafield><datafield tag="033" ind1="#" ind2="#"><subfield code="a">https://reseau-mirabel.info/revue/titre-id/6091</subfield><subfield code="2">Mir@bel</subfield><subfield code="d">20200722</subfield></datafield><datafield tag="034" ind1=" " ind2=" "><subfield code="a">OCoLC</subfield><subfield code="0">21284589</subfield></datafield><datafield tag="035" ind1=" " ind2=" "><subfield code="a">002445387</subfield><subfield code="9">sudoc</subfield></datafield><datafield tag="035" ind1="#" ind2="#"><subfield code="a">frBN005868278</subfield></datafield><datafield tag="035" ind1="#" ind2="#"><subfield code="a">ccn0989-6023</subfield></datafield><datafield tag="035" ind1="#" ind2="#"><subfield code="a">issn09896023</subfield></datafield><datafield tag="035" ind1="#" ind2="#"><subfield code="a">MIR_6091</subfield></datafield><datafield tag="035" ind1="#" ind2="#"><subfield code="1">74</subfield><subfield code="a">ALP314119</subfield></datafield><datafield tag="035" ind1="#" ind2="#"><subfield code="1">75</subfield><subfield code="a">ALP220517</subfield></datafield><datafield tag="035" ind1="#" ind2="#"><subfield code="1">418</subfield><subfield code="a">36442</subfield></datafield><datafield tag="073" ind1="#" ind2="1"><subfield code="a">9770989602007</subfield></datafield><datafield tag="100" ind1="#" ind2="#"><subfield code="a">19890105a19889999u  y0frey50      ba</subfield><subfield code="Y">0#</subfield><subfield code="A">1988</subfield><subfield code="D">1988-...</subfield></datafield><datafield tag="101" ind1="0" ind2="#"><subfield code="a">fre</subfield><subfield code="2">639-2</subfield></datafield><datafield tag="102" ind1="#" ind2="#"><subfield code="a">FR</subfield></datafield><datafield tag="104" ind1="#" ind2="#"><subfield code="a">u</subfield><subfield code="b">y</subfield><subfield code="c">y</subfield><subfield code="d">ba</subfield><subfield code="e">0</subfield><subfield code="f">fre</subfield></datafield><datafield tag="106" ind1="#" ind2="#"><subfield code="a">r</subfield></datafield><datafield tag="110" ind1="#" ind2="#"><subfield code="a">aha|z  0uu|</subfield></datafield><datafield tag="181" ind1="#" ind2="#"><subfield code="6">z01</subfield><subfield code="c">txt</subfield><subfield code="2">rdacontent</subfield></datafield><datafield tag="181" ind1="#" ind2="#"><subfield code="6">z02</subfield><subfield code="c">sti</subfield><subfield code="2">rdacontent</subfield></datafield><datafield tag="181" ind1="#" ind2="1"><subfield code="6">z01</subfield><subfield code="a">i#</subfield><subfield code="b">xxxe##</subfield></datafield><datafield tag="181" ind1="#" ind2="1"><subfield code="6">z02</subfield><subfield code="a">b#</subfield><subfield code="b">xb2e##</subfield></datafield><datafield tag="182" ind1="#" ind2="#"><subfield code="6">z01</subfield><subfield code="6">z02</subfield><subfield code="c">n</subfield><subfield code="2">rdamedia</subfield></datafield><datafield tag="182" ind1="#" ind2="1"><subfield code="6">z01</subfield><subfield code="6">z02</subfield><subfield code="a">n</subfield></datafield><datafield tag="183" ind1="#" ind2="#"><subfield code="6">z01</subfield><subfield code="6">z02</subfield><subfield code="a">nga</subfield><subfield code="2">RDAfrCarrier</subfield></datafield><datafield tag="200" ind1="1" ind2="#"><subfield code="a">Ligeïa</subfield><subfield code="e">dossiers sur l&apos;art</subfield><subfield code="f">[dir. publ. Giovanni Lista]</subfield></datafield><datafield tag="207" ind1="#" ind2="0"><subfield code="a">N°  1 (1988, avr./juin)-</subfield></datafield><datafield tag="214" ind1="#" ind2="0"><subfield code="a">Paris</subfield><subfield code="b">17 av. Gourgaud, 75017</subfield><subfield code="c">Ligeia</subfield><subfield code="d">1988-</subfield></datafield><datafield tag="316" ind1="#" ind2="#"><subfield code="5">751065210:245535128</subfield><subfield code="a">Les années 1988 à 1999 sont conservées en magasin</subfield></datafield><datafield tag="316" ind1="#" ind2="#"><subfield code="5">751132105:292605803</subfield><subfield code="a">Abonnements UPDI</subfield></datafield><datafield tag="319" ind1="#" ind2="#"><subfield code="5">751062312:220480486</subfield><subfield code="a">Reproductible</subfield></datafield><datafield tag="326" ind1="#" ind2="#"><subfield code="a">Semestriel</subfield></datafield><datafield tag="452" ind1="#" ind2="#"><subfield code="0">222217804</subfield><subfield code="t">Ligeia (Paris. En ligne)</subfield><subfield code="x">2606-6165</subfield></datafield><datafield tag="530" ind1="1" ind2="#"><subfield code="a">Ligeia</subfield><subfield code="b">(Paris)</subfield></datafield><datafield tag="531" ind1="#" ind2="#"><subfield code="a">Ligeia</subfield><subfield code="b">(Paris)</subfield></datafield><datafield tag="606" ind1="#" ind2="#"><subfield code="3">027269418</subfield><subfield code="a">Art</subfield><subfield code="z">20e siècle</subfield><subfield code="2">rameau</subfield></datafield><datafield tag="606" ind1="#" ind2="#"><subfield code="3">027269302</subfield><subfield code="a">Art</subfield><subfield code="3">050665391</subfield><subfield code="z">2000-....</subfield><subfield code="2">rameau</subfield></datafield><datafield tag="608" ind1="#" ind2="#"><subfield code="3">02724640X</subfield><subfield code="a">Périodique</subfield><subfield code="2">rameau</subfield></datafield><datafield tag="675" ind1="#" ind2="#"><subfield code="a">7.036</subfield></datafield><datafield tag="675" ind1="#" ind2="#"><subfield code="a">111.852</subfield></datafield><datafield tag="676" ind1="#" ind2="#"><subfield code="a">700</subfield></datafield><datafield tag="680" ind1="#" ind2="#"><subfield code="a">NX2</subfield></datafield><datafield tag="686" ind1="#" ind2="#"><subfield code="1">88</subfield><subfield code="a">705</subfield><subfield code="2">DEWBSG</subfield></datafield><datafield tag="701" ind1="#" ind2="1"><subfield code="3">026991519</subfield><subfield code="a">Lista</subfield><subfield code="b">Giovanni</subfield><subfield code="f">1943-....</subfield><subfield code="4">651</subfield></datafield><datafield tag="710" ind1="0" ind2="2"><subfield code="3">263160831</subfield><subfield code="a">Éditions Ligeia</subfield><subfield code="c">Paris, France</subfield><subfield code="4">475</subfield></datafield><datafield tag="801" ind1="#" ind2="3"><subfield code="a">FR</subfield><subfield code="b">BN</subfield><subfield code="c">19990129</subfield><subfield code="g">AFNOR</subfield></datafield><datafield tag="801" ind1="#" ind2="3"><subfield code="a">FR</subfield><subfield code="b">ISSN</subfield><subfield code="c">20180319</subfield></datafield><datafield tag="802" ind1="#" ind2="#"><subfield code="a">07</subfield></datafield><datafield tag="830" ind1="#" ind2="#"><subfield code="a">Réforme Rameau Genre-Forme retro périos (ne pas supprimer)</subfield></datafield><datafield tag="930" ind1="#" ind2="#"><subfield code="5">315555245:22749779101</subfield><subfield code="b">315555245</subfield><subfield code="j">f</subfield></datafield><datafield tag="955" ind1="4" ind2="1"><subfield code="5">315555245:22749779101</subfield><subfield code="b">25</subfield><subfield code="i">1998</subfield><subfield code="i"/><subfield code="j"/><subfield code="k"/><subfield code="a"/><subfield code="b"/><subfield code="c"/><subfield code="r">no. 25 (1998)-....</subfield></datafield><datafield tag="940" ind1=" " ind2=" "><subfield code="5">315555245:22749779101</subfield><subfield code="a">20050404</subfield><subfield code="b">xO</subfield></datafield><datafield tag="941" ind1=" " ind2=" "><subfield code="5">315555245:22749779101</subfield><subfield code="a">20050404</subfield><subfield code="b">11:20:41.000</subfield></datafield></record>