<record><leader>     cas0 22        450 </leader><controlfield tag="001">039995518</controlfield><controlfield tag="002">22,101,206,215,222,233,408,414,428</controlfield><controlfield tag="003">https://www.sudoc.fr/039995518</controlfield><controlfield tag="004">19850610</controlfield><controlfield tag="005">20230831183850.000</controlfield><controlfield tag="006">9999</controlfield><controlfield tag="007">1999</controlfield><controlfield tag="008">Abx3</controlfield><datafield tag="011" ind1="#" ind2="#"><subfield code="a">0894-5373</subfield><subfield code="f">0894-5373</subfield></datafield><datafield tag="033" ind1="#" ind2="#"><subfield code="a">https://catalogue.bnf.fr/ark:/12148/cb37579051q</subfield><subfield code="2">BNF</subfield><subfield code="d">20230126</subfield></datafield><datafield tag="035" ind1="#" ind2="#"><subfield code="a">ccn0894-5373</subfield></datafield><datafield tag="035" ind1="#" ind2="#"><subfield code="a">issn08945373</subfield></datafield><datafield tag="100" ind1="#" ind2="#"><subfield code="a">19850610b19842010u  y0frey50      ba</subfield><subfield code="Y">0#</subfield><subfield code="A">1984</subfield><subfield code="B">2010</subfield></datafield><datafield tag="101" ind1="0" ind2="#"><subfield code="a">eng</subfield><subfield code="2">639-2</subfield></datafield><datafield tag="102" ind1="#" ind2="#"><subfield code="a">US</subfield></datafield><datafield tag="104" ind1="#" ind2="#"><subfield code="a">u</subfield><subfield code="b">y</subfield><subfield code="c">y</subfield><subfield code="d">ba</subfield><subfield code="e">0</subfield><subfield code="f">fre</subfield></datafield><datafield tag="106" ind1="#" ind2="#"><subfield code="a">r</subfield></datafield><datafield tag="110" ind1="#" ind2="#"><subfield code="a">agb||||0uu|</subfield></datafield><datafield tag="181" ind1="#" ind2="#"><subfield code="6">z01</subfield><subfield code="c">txt</subfield><subfield code="2">rdacontent</subfield></datafield><datafield tag="181" ind1="#" ind2="1"><subfield code="6">z01</subfield><subfield code="a">i#</subfield><subfield code="b">xxxe##</subfield></datafield><datafield tag="182" ind1="#" ind2="#"><subfield code="6">z01</subfield><subfield code="c">n</subfield><subfield code="2">rdamedia</subfield></datafield><datafield tag="182" ind1="#" ind2="1"><subfield code="6">z01</subfield><subfield code="a">n</subfield></datafield><datafield tag="200" ind1="1" ind2="#"><subfield code="a">ID</subfield></datafield><datafield tag="207" ind1="#" ind2="0"><subfield code="a">Vol. 31, no. 5 (Sept./Oct. 1984)-</subfield></datafield><datafield tag="210" ind1="#" ind2="#"><subfield code="a">New York, N.Y</subfield><subfield code="c">Design Publications</subfield><subfield code="d">1984-</subfield></datafield><datafield tag="321" ind1="0" ind2="#"><subfield code="a">The Keepers Registry</subfield></datafield><datafield tag="326" ind1="#" ind2="#"><subfield code="a">8n°/an</subfield></datafield><datafield tag="430" ind1="#" ind2="#"><subfield code="0">092603785</subfield><subfield code="t">Industrial design (1983)</subfield><subfield code="x">0883-8267</subfield></datafield><datafield tag="452" ind1="#" ind2="#"><subfield code="t">ID (New York, N.Y. : 1984)</subfield></datafield><datafield tag="488" ind1="#" ind2="#"><subfield code="t">I.D. annual design review</subfield></datafield><datafield tag="488" ind1="#" ind2="#"><subfield code="t">Interactive media design review</subfield></datafield><datafield tag="517" ind1="#" ind2="#"><subfield code="a">Magazine of international design</subfield></datafield><datafield tag="517" ind1="#" ind2="#"><subfield code="a">International design</subfield></datafield><datafield tag="517" ind1="#" ind2="#"><subfield code="a">Industrial design</subfield></datafield><datafield tag="530" ind1="1" ind2="#"><subfield code="a">ID</subfield><subfield code="b">(New York, N.Y. 1984)</subfield></datafield><datafield tag="531" ind1="#" ind2="#"><subfield code="a">ID</subfield><subfield code="b">(N.Y.N.Y., 1984)</subfield></datafield><datafield tag="606" ind1="#" ind2="#"><subfield code="3">027784878</subfield><subfield code="a">Design</subfield><subfield code="2">rameau</subfield></datafield><datafield tag="608" ind1="#" ind2="#"><subfield code="3">02724640X</subfield><subfield code="a">Périodiques</subfield><subfield code="2">rameau</subfield></datafield><datafield tag="676" ind1="#" ind2="#"><subfield code="a">745.2/05</subfield></datafield><datafield tag="680" ind1="#" ind2="#"><subfield code="a">TS171</subfield></datafield><datafield tag="801" ind1="#" ind2="3"><subfield code="a">FR</subfield><subfield code="b">Abes</subfield><subfield code="c">20230831</subfield><subfield code="g">AFNOR</subfield></datafield><datafield tag="801" ind1="#" ind2="3"><subfield code="a">FR</subfield><subfield code="b">ISSN</subfield><subfield code="c">20230420</subfield></datafield><datafield tag="802" ind1="#" ind2="#"><subfield code="a">01</subfield></datafield><datafield tag="830" ind1="#" ind2="#"><subfield code="a">Réforme Rameau Genre-Forme retro périos (ne pas supprimer)</subfield></datafield><datafield tag="930" ind1="#" ind2="#"><subfield code="5">315555245:22550506101</subfield><subfield code="b">315555245</subfield><subfield code="j">f</subfield></datafield><datafield tag="955" ind1="4" ind2="1"><subfield code="5">315555245:22550506101</subfield><subfield code="a">47</subfield><subfield code="b">4</subfield><subfield code="i">2000</subfield><subfield code="a">49</subfield><subfield code="i">2002</subfield></datafield><datafield tag="955" ind1="4" ind2="1"><subfield code="5">315555245:22550506101</subfield><subfield code="j">fev</subfield><subfield code="i">2003</subfield></datafield><datafield tag="955" ind1="4" ind2="1"><subfield code="5">315555245:22550506101</subfield><subfield code="j">jul</subfield><subfield code="i">2003</subfield><subfield code="i"/><subfield code="j"/><subfield code="k"/><subfield code="a"/><subfield code="b"/><subfield code="c"/><subfield code="r">vol. 47 no. 4 (2000) - vol. 49  (2002) ; (fev-2003) ; (jul-2003)-....</subfield></datafield><datafield tag="940" ind1=" " ind2=" "><subfield code="5">315555245:22550506101</subfield><subfield code="a">20050322</subfield><subfield code="b">xO</subfield></datafield><datafield tag="941" ind1=" " ind2=" "><subfield code="5">315555245:22550506101</subfield><subfield code="a">20050322</subfield><subfield code="b">17:53:38.000</subfield></datafield></record>