<record><leader>     cas0 22        450 </leader><controlfield tag="001">040125394</controlfield><controlfield tag="002">4,6,10,15,16,27,35,39,41,42,45,46,49,50,51,55,56,57,59,61,62,63,67,68,70,71,72,74,75,80,81,82,83,88,90,96,98,102,105,120,126,129,135,146,167,173,178,200,201,202,203,204,205,206,207,209,210,215,219,220,222,223,225,226,227,228,229,230,231,232,233,412,414,418,420,424,427,428,431,432,433</controlfield><controlfield tag="003">https://www.sudoc.fr/040125394</controlfield><controlfield tag="004">19940517</controlfield><controlfield tag="005">20250513092329.000</controlfield><controlfield tag="006">9999</controlfield><controlfield tag="007">751063001</controlfield><controlfield tag="008">Abx3</controlfield><datafield tag="011" ind1="#" ind2="#"><subfield code="a">1245-1495</subfield><subfield code="f">1245-1495</subfield></datafield><datafield tag="033" ind1="#" ind2="#"><subfield code="a">https://catalogue.bnf.fr/ark:/12148/cb34509105z</subfield><subfield code="2">BNF</subfield><subfield code="d">20191115</subfield></datafield><datafield tag="033" ind1="#" ind2="#"><subfield code="a">https://reseau-mirabel.info/revue/titre-id/30616</subfield><subfield code="2">Mir@bel</subfield><subfield code="d">20250401</subfield></datafield><datafield tag="034" ind1=" " ind2=" "><subfield code="a">OCoLC</subfield><subfield code="0">474369799</subfield></datafield><datafield tag="035" ind1=" " ind2=" "><subfield code="a">070896658</subfield><subfield code="9">sudoc</subfield></datafield><datafield tag="035" ind1="#" ind2="#"><subfield code="a">ccn1245-1495</subfield></datafield><datafield tag="035" ind1="#" ind2="#"><subfield code="a">issn12451495</subfield></datafield><datafield tag="035" ind1="#" ind2="#"><subfield code="a">FRBNF345091050000007</subfield><subfield code="d">20240606</subfield></datafield><datafield tag="035" ind1="#" ind2="#"><subfield code="a">MIR_30616</subfield></datafield><datafield tag="035" ind1="#" ind2="#"><subfield code="1">6</subfield><subfield code="a">ALP000363122</subfield></datafield><datafield tag="035" ind1="#" ind2="#"><subfield code="1">82</subfield><subfield code="a">ALP351818</subfield></datafield><datafield tag="035" ind1="#" ind2="#"><subfield code="1">105</subfield><subfield code="a">01-0172970</subfield></datafield><datafield tag="100" ind1="#" ind2="#"><subfield code="a">19940517a19949999u  y0frey50      ba</subfield><subfield code="Y">0#</subfield><subfield code="A">1994</subfield><subfield code="D">1994-...</subfield></datafield><datafield tag="101" ind1="0" ind2="#"><subfield code="a">fre</subfield><subfield code="2">639-2</subfield></datafield><datafield tag="102" ind1="#" ind2="#"><subfield code="a">FR</subfield></datafield><datafield tag="104" ind1="#" ind2="#"><subfield code="a">u</subfield><subfield code="b">y</subfield><subfield code="c">y</subfield><subfield code="d">ba</subfield><subfield code="e">0</subfield><subfield code="f">fre</subfield></datafield><datafield tag="106" ind1="#" ind2="#"><subfield code="a">r</subfield></datafield><datafield tag="110" ind1="#" ind2="#"><subfield code="a">nf|z|||||||</subfield></datafield><datafield tag="181" ind1="#" ind2="#"><subfield code="6">z01</subfield><subfield code="c">txt</subfield><subfield code="2">rdacontent</subfield></datafield><datafield tag="181" ind1="#" ind2="1"><subfield code="6">z01</subfield><subfield code="a">i#</subfield><subfield code="b">xxxe##</subfield></datafield><datafield tag="182" ind1="#" ind2="#"><subfield code="6">z01</subfield><subfield code="c">n</subfield><subfield code="2">rdamedia</subfield></datafield><datafield tag="182" ind1="#" ind2="1"><subfield code="6">z01</subfield><subfield code="a">n</subfield></datafield><datafield tag="183" ind1="#" ind2="#"><subfield code="6">z01</subfield><subfield code="a">nda</subfield><subfield code="2">RDAfrCarrier</subfield></datafield><datafield tag="200" ind1="1" ind2="#"><subfield code="a">Le Journal des arts</subfield><subfield code="e">l&apos;art dans le monde</subfield><subfield code="e">actualité, politique, marché</subfield></datafield><datafield tag="207" ind1="#" ind2="0"><subfield code="a">N°1 (1994, mars)-</subfield></datafield><datafield tag="214" ind1="#" ind2="0"><subfield code="a">Paris</subfield><subfield code="c">Publications artistiques françaises</subfield><subfield code="d">1994-</subfield></datafield><datafield tag="214" ind1="0" ind2="0"><subfield code="a">Paris</subfield><subfield code="c">Publications artistiques françaises</subfield><subfield code="d">1994-2001</subfield></datafield><datafield tag="214" ind1="1" ind2="0"><subfield code="a">Paris</subfield><subfield code="c">Artclair éditions</subfield><subfield code="d">2002-</subfield></datafield><datafield tag="215" ind1="#" ind2="#"><subfield code="a">vol.</subfield><subfield code="c">ill.</subfield></datafield><datafield tag="300" ind1="#" ind2="#"><subfield code="a">Certains numéros sont accompagnés de supports audiovisuels</subfield></datafield><datafield tag="304" ind1="#" ind2="#"><subfield code="a"> Les sous titres varient</subfield></datafield><datafield tag="307" ind1="#" ind2="#"><subfield code="a">Avec suppléments irreguliers</subfield></datafield><datafield tag="316" ind1="#" ind2="#"><subfield code="5">674825119:566341522</subfield><subfield code="a">HEARNUM_3_96083</subfield></datafield><datafield tag="318" ind1="#" ind2="#"><subfield code="5">940185201:125878117</subfield><subfield code="a">récolement 2023</subfield></datafield><datafield tag="319" ind1="#" ind2="#"><subfield code="5">330635107:415095654</subfield><subfield code="a">Les collections sont inaccesibles jusqu&apos;en 2026 en raison de travaux</subfield></datafield><datafield tag="319" ind1="#" ind2="#"><subfield code="5">751062312:221130349</subfield><subfield code="a">Reproductible</subfield></datafield><datafield tag="326" ind1="#" ind2="#"><subfield code="a">Mensuel</subfield><subfield code="b">1994-1997</subfield></datafield><datafield tag="326" ind1="#" ind2="#"><subfield code="a">Bimensuel (un vendredi sur 2)</subfield><subfield code="b">1998-</subfield></datafield><datafield tag="421" ind1="#" ind2="#"><subfield code="0">278679811</subfield><subfield code="t">Le Journal des antiquaires et galeries par le SNA</subfield><subfield code="x">3037-8540</subfield></datafield><datafield tag="421" ind1="#" ind2="#"><subfield code="t">Le Journal de la FIAC au Louvre et au Grand palais</subfield></datafield><datafield tag="421" ind1="#" ind2="#"><subfield code="0">040465810</subfield><subfield code="t">Calendrier des arts...</subfield><subfield code="x">1268-9386</subfield></datafield><datafield tag="421" ind1="#" ind2="#"><subfield code="0">040491250</subfield><subfield code="t">Le Magazine des expositions</subfield><subfield code="x">1273-2486</subfield></datafield><datafield tag="451" ind1="#" ind2="#"><subfield code="0">19324439X</subfield><subfield code="t">LeJournaldesArts.fr</subfield><subfield code="x">2492-5845</subfield></datafield><datafield tag="451" ind1="#" ind2="#"><subfield code="0">153913959</subfield><subfield code="t">Artclair.com</subfield><subfield code="x">2116-6382</subfield></datafield><datafield tag="488" ind1="#" ind2="#"><subfield code="0">04045312X</subfield><subfield code="t">Les Tableaux d&apos;une exposition (Paris)</subfield><subfield code="x">1266-8664</subfield></datafield><datafield tag="488" ind1="#" ind2="#"><subfield code="0">036353876</subfield><subfield code="t">El Periódico del arte</subfield><subfield code="x">1138-2511</subfield></datafield><datafield tag="530" ind1="1" ind2="#"><subfield code="a">Le Journal des arts</subfield><subfield code="b">(Paris. 1994)</subfield></datafield><datafield tag="531" ind1="#" ind2="#"><subfield code="a">J. arts</subfield><subfield code="b">(Paris, 1994)</subfield></datafield><datafield tag="606" ind1="#" ind2="#"><subfield code="3">027269302</subfield><subfield code="a">Art</subfield><subfield code="2">rameau</subfield></datafield><datafield tag="606" ind1="#" ind2="#"><subfield code="3">027823563</subfield><subfield code="a">Histoire de l&apos;art</subfield><subfield code="2">rameau</subfield></datafield><datafield tag="606" ind1="#" ind2="#"><subfield code="3">027594246</subfield><subfield code="a">Art</subfield><subfield code="x">Collectionneurs et collections</subfield><subfield code="2">rameau</subfield></datafield><datafield tag="606" ind1="#" ind2="#"><subfield code="1">178</subfield><subfield code="a">Revues professionnelles</subfield><subfield code="2">CAPA</subfield></datafield><datafield tag="608" ind1="#" ind2="#"><subfield code="3">02724640X</subfield><subfield code="a">Périodique</subfield><subfield code="2">rameau</subfield></datafield><datafield tag="675" ind1="#" ind2="#"><subfield code="a">008</subfield></datafield><datafield tag="675" ind1="#" ind2="#"><subfield code="a">7.01/.09</subfield></datafield><datafield tag="676" ind1="#" ind2="#"><subfield code="a">705</subfield></datafield><datafield tag="676" ind1="#" ind2="#"><subfield code="a">700</subfield></datafield><datafield tag="680" ind1="#" ind2="#"><subfield code="a">N2</subfield></datafield><datafield tag="686" ind1="#" ind2="#"><subfield code="a">700</subfield><subfield code="2">Cadre de classement de la Bibliographie nationale française</subfield></datafield><datafield tag="686" ind1="#" ind2="#"><subfield code="1">88</subfield><subfield code="a">700.5</subfield><subfield code="2">DEWBSG</subfield></datafield><datafield tag="712" ind1="0" ind2="2"><subfield code="3">262072858</subfield><subfield code="a">Artclair éditions</subfield><subfield code="c">Paris</subfield><subfield code="4">650</subfield></datafield><datafield tag="801" ind1="#" ind2="0"><subfield code="a">FR</subfield><subfield code="b">FR-751131015</subfield><subfield code="c">19940517</subfield><subfield code="g">AFNOR</subfield><subfield code="2">intermrc</subfield></datafield><datafield tag="801" ind1="#" ind2="3"><subfield code="a">FR</subfield><subfield code="b">ISSN France</subfield><subfield code="c">20240729</subfield></datafield><datafield tag="802" ind1="#" ind2="#"><subfield code="a">07</subfield></datafield><datafield tag="830" ind1="#" ind2="#"><subfield code="a">Réforme Rameau Genre-Forme retro périos (ne pas supprimer)</subfield></datafield><datafield tag="930" ind1="#" ind2="#"><subfield code="5">315555245:22686047701</subfield><subfield code="b">315555245</subfield><subfield code="j">f</subfield></datafield><datafield tag="955" ind1="4" ind2="1"><subfield code="5">315555245:22686047701</subfield><subfield code="b">1</subfield><subfield code="i">1994</subfield><subfield code="b">5</subfield><subfield code="i">1994</subfield></datafield><datafield tag="955" ind1="4" ind2="1"><subfield code="5">315555245:22686047701</subfield><subfield code="b">7</subfield><subfield code="i">1994</subfield><subfield code="b">86</subfield><subfield code="i">1999</subfield></datafield><datafield tag="955" ind1="4" ind2="1"><subfield code="5">315555245:22686047701</subfield><subfield code="b">88</subfield><subfield code="i">1999</subfield><subfield code="b">135</subfield><subfield code="i">2001</subfield></datafield><datafield tag="955" ind1="4" ind2="1"><subfield code="5">315555245:22686047701</subfield><subfield code="b">137</subfield><subfield code="i">2001</subfield><subfield code="b">152</subfield><subfield code="i">2002</subfield></datafield><datafield tag="955" ind1="4" ind2="1"><subfield code="5">315555245:22686047701</subfield><subfield code="b">154</subfield><subfield code="i">2002</subfield><subfield code="b">163</subfield><subfield code="i">2003</subfield></datafield><datafield tag="955" ind1="4" ind2="1"><subfield code="5">315555245:22686047701</subfield><subfield code="b">167</subfield><subfield code="i">2003</subfield><subfield code="i"/><subfield code="j"/><subfield code="k"/><subfield code="a"/><subfield code="b"/><subfield code="c"/><subfield code="r">no. 1 (1994) - no. 5  (1994) ; no. 7 (1994) - no. 86  (1999) ; no. 88 (1999) - no. 135  (2001) ; no. 137 (2001) - no. 152  (2002) ; no. 154 (2002) - no. 163  (2003) ; no. 167 (2003)-....</subfield></datafield><datafield tag="940" ind1=" " ind2=" "><subfield code="5">315555245:22686047701</subfield><subfield code="a">20050331</subfield><subfield code="b">xO</subfield></datafield><datafield tag="941" ind1=" " ind2=" "><subfield code="5">315555245:22686047701</subfield><subfield code="a">20050401</subfield><subfield code="b">18:21:27.000</subfield></datafield></record>