<record><leader>     cas0 22        450 </leader><controlfield tag="001">040301346</controlfield><controlfield tag="002">12,50,54,55,63,67,88,90,178,205,209,222,226,228,232,233,408,412,428,432</controlfield><controlfield tag="003">https://www.sudoc.fr/040301346</controlfield><controlfield tag="004">19940720</controlfield><controlfield tag="005">20241205135525.000</controlfield><controlfield tag="006">9999</controlfield><controlfield tag="007">341720001</controlfield><controlfield tag="008">Abx3</controlfield><datafield tag="011" ind1="#" ind2="#"><subfield code="a">1257-3825</subfield><subfield code="f">1257-3825</subfield></datafield><datafield tag="033" ind1="#" ind2="#"><subfield code="a">https://catalogue.bnf.fr/ark:/12148/cb345164623</subfield><subfield code="2">BNF</subfield><subfield code="d">20191112</subfield></datafield><datafield tag="033" ind1="#" ind2="#"><subfield code="a">https://reseau-mirabel.info/revue/titre-id/28629</subfield><subfield code="2">Mir@bel</subfield><subfield code="d">20241205</subfield></datafield><datafield tag="034" ind1=" " ind2=" "><subfield code="a">OCoLC</subfield><subfield code="0">649017045</subfield></datafield><datafield tag="035" ind1=" " ind2=" "><subfield code="a">073831484</subfield><subfield code="9">sudoc</subfield></datafield><datafield tag="035" ind1=" " ind2=" "><subfield code="a">094573581</subfield><subfield code="9">sudoc</subfield></datafield><datafield tag="035" ind1="#" ind2="#"><subfield code="a">ccn1257-3825</subfield></datafield><datafield tag="035" ind1="#" ind2="#"><subfield code="a">issn12573825</subfield></datafield><datafield tag="035" ind1="#" ind2="#"><subfield code="a">MIR_28629</subfield></datafield><datafield tag="035" ind1="#" ind2="#"><subfield code="1">54</subfield><subfield code="a">alp132376</subfield></datafield><datafield tag="100" ind1="#" ind2="#"><subfield code="a">19940720b19942004m  y0frey50      ba</subfield><subfield code="Y">0#</subfield><subfield code="A">1994</subfield><subfield code="B">2004</subfield></datafield><datafield tag="101" ind1="0" ind2="#"><subfield code="a">fre</subfield><subfield code="2">639-2</subfield></datafield><datafield tag="102" ind1="#" ind2="#"><subfield code="a">FR</subfield></datafield><datafield tag="104" ind1="#" ind2="#"><subfield code="a">m</subfield><subfield code="b">y</subfield><subfield code="c">y</subfield><subfield code="d">ba</subfield><subfield code="e">0</subfield><subfield code="f">fre</subfield></datafield><datafield tag="106" ind1="#" ind2="#"><subfield code="a">r</subfield></datafield><datafield tag="110" ind1="#" ind2="#"><subfield code="a">ahu|||||uu|</subfield></datafield><datafield tag="181" ind1="#" ind2="#"><subfield code="6">z01</subfield><subfield code="c">txt</subfield><subfield code="2">rdacontent</subfield></datafield><datafield tag="181" ind1="#" ind2="1"><subfield code="6">z01</subfield><subfield code="a">i#</subfield><subfield code="b">xxxe##</subfield></datafield><datafield tag="182" ind1="#" ind2="#"><subfield code="6">z01</subfield><subfield code="c">n</subfield><subfield code="2">rdamedia</subfield></datafield><datafield tag="182" ind1="#" ind2="1"><subfield code="6">z01</subfield><subfield code="a">n</subfield></datafield><datafield tag="183" ind1="#" ind2="#"><subfield code="6">z01</subfield><subfield code="a">nga</subfield><subfield code="2">RDAfrCarrier</subfield></datafield><datafield tag="200" ind1="1" ind2="#"><subfield code="a">Poïésis</subfield></datafield><datafield tag="207" ind1="#" ind2="0"><subfield code="a">No.1(1994,juin)-no.15(2003)</subfield></datafield><datafield tag="210" ind1="#" ind2="#"><subfield code="a">Toulouse</subfield><subfield code="c">AERA</subfield><subfield code="d">1994-2003</subfield></datafield><datafield tag="215" ind1="#" ind2="#"><subfield code="c">Ill., couv. ill. en coul.</subfield><subfield code="d">24,5 cm</subfield></datafield><datafield tag="305" ind1="#" ind2="#"><subfield code="a">AERA : Actions, Etudes et Recherches autour de l&apos;Architecture, de l&apos;habitat et de la ville</subfield></datafield><datafield tag="326" ind1="#" ind2="#"><subfield code="a">Trimestriel</subfield></datafield><datafield tag="423" ind1="#" ind2="#"><subfield code="0">083329471</subfield><subfield code="t">Les Cahiers critiques de Poïésis</subfield><subfield code="x">1772-5925</subfield></datafield><datafield tag="530" ind1="1" ind2="#"><subfield code="a">Poïésis</subfield><subfield code="b">(Toulouse)</subfield></datafield><datafield tag="531" ind1="#" ind2="#"><subfield code="a">Poïésis</subfield><subfield code="b">(Toulouse)</subfield></datafield><datafield tag="606" ind1="#" ind2="#"><subfield code="3">027219771</subfield><subfield code="a">Architecture et société</subfield><subfield code="2">rameau</subfield></datafield><datafield tag="606" ind1="#" ind2="#"><subfield code="3">027331296</subfield><subfield code="a">Sociologie urbaine</subfield><subfield code="2">rameau</subfield></datafield><datafield tag="606" ind1="#" ind2="#"><subfield code="1">178</subfield><subfield code="a">Philosophie et théorie</subfield><subfield code="2">CAPA</subfield></datafield><datafield tag="608" ind1="#" ind2="#"><subfield code="3">02724640X</subfield><subfield code="a">Périodique</subfield><subfield code="2">rameau</subfield></datafield><datafield tag="675" ind1="#" ind2="#"><subfield code="a">111.852</subfield></datafield><datafield tag="675" ind1="#" ind2="#"><subfield code="a">379.8.058(448.6)</subfield></datafield><datafield tag="675" ind1="#" ind2="#"><subfield code="a">72</subfield></datafield><datafield tag="676" ind1="#" ind2="#"><subfield code="a">720.105</subfield></datafield><datafield tag="676" ind1="#" ind2="#"><subfield code="a">700.105</subfield></datafield><datafield tag="676" ind1="#" ind2="#"><subfield code="a">111.85</subfield></datafield><datafield tag="676" ind1="#" ind2="#"><subfield code="a">306.409 4486</subfield></datafield><datafield tag="680" ind1="#" ind2="#"><subfield code="a">NA2197</subfield></datafield><datafield tag="686" ind1="#" ind2="#"><subfield code="1">88</subfield><subfield code="a">720.5</subfield><subfield code="2">DEWBSG</subfield></datafield><datafield tag="712" ind1="0" ind2="2"><subfield code="3">057127883</subfield><subfield code="a">Association d&apos;étude et de recherche autour de l&apos;architecture</subfield><subfield code="c">France</subfield><subfield code="4">340</subfield></datafield><datafield tag="801" ind1="#" ind2="3"><subfield code="a">FR</subfield><subfield code="b">ISSN</subfield><subfield code="c">20101214</subfield></datafield><datafield tag="802" ind1="#" ind2="#"><subfield code="a">07</subfield></datafield><datafield tag="930" ind1="#" ind2="#"><subfield code="5">315555245:22770127501</subfield><subfield code="b">315555245</subfield><subfield code="j">f</subfield></datafield><datafield tag="955" ind1="4" ind2="1"><subfield code="5">315555245:22770127501</subfield><subfield code="b">2</subfield><subfield code="i">1995</subfield><subfield code="i"/><subfield code="j"/><subfield code="k"/><subfield code="a"/><subfield code="b"/><subfield code="c"/><subfield code="r">no. 2 (1995)-....</subfield></datafield><datafield tag="940" ind1=" " ind2=" "><subfield code="5">315555245:22770127501</subfield><subfield code="a">20050405</subfield><subfield code="b">xO</subfield></datafield><datafield tag="941" ind1=" " ind2=" "><subfield code="5">315555245:22770127501</subfield><subfield code="a">20050405</subfield><subfield code="b">14:58:58.000</subfield></datafield></record>