<record><leader>     cas0 22        450 </leader><controlfield tag="001">045055610</controlfield><controlfield tag="002">222,233,408</controlfield><controlfield tag="003">https://www.sudoc.fr/045055610</controlfield><controlfield tag="004">20000407</controlfield><controlfield tag="005">20241022104157.000</controlfield><controlfield tag="006">1838</controlfield><controlfield tag="007">1998</controlfield><controlfield tag="008">Abx3</controlfield><datafield tag="011" ind1="#" ind2="#"><subfield code="a">1287-5848</subfield><subfield code="f">1287-5848</subfield></datafield><datafield tag="033" ind1="#" ind2="#"><subfield code="a">https://catalogue.bnf.fr/ark:/12148/cb36947458p</subfield><subfield code="2">BNF</subfield><subfield code="d">20191202</subfield></datafield><datafield tag="034" ind1=" " ind2=" "><subfield code="a">OCoLC</subfield><subfield code="0">473556074</subfield></datafield><datafield tag="035" ind1="#" ind2="#"><subfield code="a">ccn1287-5848</subfield></datafield><datafield tag="035" ind1="#" ind2="#"><subfield code="a">issn12875848</subfield></datafield><datafield tag="100" ind1="#" ind2="#"><subfield code="a">20000407b19981998m  y0frey50      ba</subfield><subfield code="Y">0#</subfield><subfield code="A">1998</subfield><subfield code="B">1998</subfield></datafield><datafield tag="101" ind1="0" ind2="#"><subfield code="a">eng</subfield><subfield code="2">639-2</subfield></datafield><datafield tag="102" ind1="#" ind2="#"><subfield code="a">FR</subfield></datafield><datafield tag="104" ind1="#" ind2="#"><subfield code="a">m</subfield><subfield code="b">y</subfield><subfield code="c">y</subfield><subfield code="d">ba</subfield><subfield code="e">0</subfield><subfield code="f">fre</subfield></datafield><datafield tag="106" ind1="#" ind2="#"><subfield code="a">r</subfield></datafield><datafield tag="110" ind1="#" ind2="#"><subfield code="a">auu||||0uu|</subfield></datafield><datafield tag="181" ind1="#" ind2="#"><subfield code="6">z01</subfield><subfield code="c">txt</subfield><subfield code="2">rdacontent</subfield></datafield><datafield tag="181" ind1="#" ind2="1"><subfield code="6">z01</subfield><subfield code="a">i#</subfield><subfield code="b">xxxe##</subfield></datafield><datafield tag="182" ind1="#" ind2="#"><subfield code="6">z01</subfield><subfield code="c">n</subfield><subfield code="2">rdamedia</subfield></datafield><datafield tag="182" ind1="#" ind2="1"><subfield code="6">z01</subfield><subfield code="a">n</subfield></datafield><datafield tag="200" ind1="1" ind2="#"><subfield code="a">Purple sexe</subfield></datafield><datafield tag="210" ind1="#" ind2="#"><subfield code="a">Paris</subfield><subfield code="c">Association Belle haleine</subfield><subfield code="d">1998-1998</subfield></datafield><datafield tag="447" ind1="#" ind2="#"><subfield code="0">040496910</subfield><subfield code="t">Purple fiction</subfield><subfield code="x">1274-235X</subfield></datafield><datafield tag="447" ind1="#" ind2="#"><subfield code="0">040496929</subfield><subfield code="t">Purple fashion</subfield><subfield code="x">1274-2368</subfield></datafield><datafield tag="447" ind1="#" ind2="#"><subfield code="0">040111970</subfield><subfield code="t">Purple prose</subfield><subfield code="x">1244-6874</subfield></datafield><datafield tag="447" ind1="#" ind2="#"><subfield code="0">045090874</subfield><subfield code="t">Purple (Paris)</subfield><subfield code="x">1294-4734</subfield></datafield><datafield tag="530" ind1="0" ind2="#"><subfield code="a">Purple sexe</subfield></datafield><datafield tag="606" ind1="#" ind2="#"><subfield code="3">027269418</subfield><subfield code="a">Art</subfield><subfield code="z">20e siècle</subfield><subfield code="2">rameau</subfield></datafield><datafield tag="606" ind1="#" ind2="#"><subfield code="3">027269302</subfield><subfield code="a">Art</subfield><subfield code="3">050665391</subfield><subfield code="z">2000-....</subfield><subfield code="2">rameau</subfield></datafield><datafield tag="608" ind1="#" ind2="#"><subfield code="3">027246892</subfield><subfield code="a">Photographie artistique</subfield><subfield code="2">rameau</subfield></datafield><datafield tag="608" ind1="#" ind2="#"><subfield code="3">02724640X</subfield><subfield code="a">Périodiques</subfield><subfield code="2">rameau</subfield></datafield><datafield tag="675" ind1="#" ind2="#"><subfield code="a">347.784</subfield></datafield><datafield tag="675" ind1="#" ind2="#"><subfield code="a">7.01</subfield></datafield><datafield tag="675" ind1="#" ind2="#"><subfield code="a">746.4</subfield></datafield><datafield tag="675" ind1="#" ind2="#"><subfield code="a">77</subfield></datafield><datafield tag="675" ind1="#" ind2="#"><subfield code="a">392.6</subfield></datafield><datafield tag="676" ind1="#" ind2="#"><subfield code="a">700</subfield></datafield><datafield tag="676" ind1="#" ind2="#"><subfield code="a">306.77</subfield></datafield><datafield tag="676" ind1="#" ind2="#"><subfield code="a">770</subfield></datafield><datafield tag="710" ind1="0" ind2="2"><subfield code="3">034020942</subfield><subfield code="a">Association Belle haleine</subfield><subfield code="c">Paris</subfield><subfield code="4">070</subfield></datafield><datafield tag="801" ind1="#" ind2="3"><subfield code="a">FR</subfield><subfield code="b">Abes</subfield><subfield code="c">20241022</subfield><subfield code="g">AFNOR</subfield></datafield><datafield tag="801" ind1="#" ind2="3"><subfield code="a">FR</subfield><subfield code="b">ISSN</subfield><subfield code="c">20000630</subfield></datafield><datafield tag="802" ind1="#" ind2="#"><subfield code="a">07</subfield></datafield><datafield tag="830" ind1="#" ind2="#"><subfield code="a">Réforme Rameau Genre-Forme retro périos (ne pas supprimer)</subfield></datafield><datafield tag="830" ind1="#" ind2="#"><subfield code="a">Réforme Rameau Genre-Forme retro photographies (ne pas supprimer)</subfield></datafield><datafield tag="930" ind1="#" ind2="#"><subfield code="5">315555245:23639082101</subfield><subfield code="b">315555245</subfield><subfield code="j">f</subfield></datafield><datafield tag="955" ind1="4" ind2="1"><subfield code="5">315555245:23639082101</subfield><subfield code="b">3</subfield><subfield code="i">1998</subfield><subfield code="b">7</subfield><subfield code="i">2000</subfield><subfield code="r">no. 3 (1998) - no. 7  (2000)</subfield></datafield><datafield tag="940" ind1=" " ind2=" "><subfield code="5">315555245:23639082101</subfield><subfield code="a">20050706</subfield><subfield code="b">rF</subfield></datafield><datafield tag="941" ind1=" " ind2=" "><subfield code="5">315555245:23639082101</subfield><subfield code="a">20050706</subfield><subfield code="b">18:09:18.000</subfield></datafield></record>