<record><leader>     cas0 22        450 </leader><controlfield tag="001">037437607</controlfield><controlfield tag="002">15,18,21,27,35,39,42,45,50,56,60,62,63,67,68,74,75,83,86,88,90,96,104,126,146,173,174,190,200,201,202,203,204,205,206,207,209,210,215,219,220,221,222,223,224,225,226,227,228,229,230,231,232,233,408,412,414,420,427,428,432</controlfield><controlfield tag="003">https://www.sudoc.fr/037437607</controlfield><controlfield tag="004">19901030</controlfield><controlfield tag="005">20250414103327.000</controlfield><controlfield tag="006">9999</controlfield><controlfield tag="007">751063002</controlfield><controlfield tag="008">Abx3</controlfield><datafield tag="011" ind1="#" ind2="#"><subfield code="a">0010-5988</subfield><subfield code="f">0010-5988</subfield></datafield><datafield tag="033" ind1="#" ind2="#"><subfield code="a">https://catalogue.bnf.fr/ark:/12148/cb343484787</subfield><subfield code="2">BNF</subfield><subfield code="d">20191202</subfield></datafield><datafield tag="034" ind1=" " ind2=" "><subfield code="a">OCoLC</subfield><subfield code="0">473061566</subfield></datafield><datafield tag="035" ind1="#" ind2="#"><subfield code="a">ccn0010-5988</subfield></datafield><datafield tag="035" ind1="#" ind2="#"><subfield code="a">issn00105988</subfield></datafield><datafield tag="035" ind1="#" ind2="#"><subfield code="1">21</subfield><subfield code="a">327520</subfield></datafield><datafield tag="035" ind1="#" ind2="#"><subfield code="1">74</subfield><subfield code="a">ALP312404</subfield></datafield><datafield tag="100" ind1="#" ind2="#"><subfield code="a">19901030b19521971||||0fre|50      ba</subfield><subfield code="Y">0#</subfield><subfield code="A">1952</subfield><subfield code="B">1971</subfield></datafield><datafield tag="101" ind1="0" ind2="#"><subfield code="a">fre</subfield><subfield code="2">639-2</subfield></datafield><datafield tag="102" ind1="#" ind2="#"><subfield code="a">FR</subfield></datafield><datafield tag="104" ind1="#" ind2="#"><subfield code="d">ba</subfield><subfield code="e">0</subfield><subfield code="f">fre</subfield></datafield><datafield tag="106" ind1="#" ind2="#"><subfield code="a">r</subfield></datafield><datafield tag="110" ind1="#" ind2="#"><subfield code="a">af|||||||||</subfield></datafield><datafield tag="181" ind1="#" ind2="#"><subfield code="6">z01</subfield><subfield code="c">txt</subfield><subfield code="2">rdacontent</subfield></datafield><datafield tag="181" ind1="#" ind2="1"><subfield code="6">z01</subfield><subfield code="a">i#</subfield><subfield code="b">xxxe##</subfield></datafield><datafield tag="182" ind1="#" ind2="#"><subfield code="6">z01</subfield><subfield code="c">n</subfield><subfield code="2">rdamedia</subfield></datafield><datafield tag="182" ind1="#" ind2="1"><subfield code="6">z01</subfield><subfield code="a">n</subfield></datafield><datafield tag="183" ind1="#" ind2="#"><subfield code="6">z01</subfield><subfield code="a">nga</subfield><subfield code="2">RDAfrCarrier</subfield></datafield><datafield tag="200" ind1="1" ind2="#"><subfield code="a">Connaissance des arts</subfield></datafield><datafield tag="210" ind1="#" ind2="#"><subfield code="a">Paris</subfield><subfield code="c">Connaissance des arts</subfield><subfield code="d">1952-1971</subfield></datafield><datafield tag="215" ind1="#" ind2="#"><subfield code="d">31 cm</subfield></datafield><datafield tag="316" ind1="#" ind2="#"><subfield code="5">674825119:565141767</subfield><subfield code="a">HEARNUM_3_95556</subfield></datafield><datafield tag="318" ind1="#" ind2="#"><subfield code="5">940185201:117593362</subfield><subfield code="a">récolement 2023</subfield></datafield><datafield tag="319" ind1="#" ind2="#"><subfield code="5">330635107:414916298</subfield><subfield code="a">Les collections sont inaccesibles jusqu&apos;en 2026 en raison de travaux</subfield></datafield><datafield tag="319" ind1="#" ind2="#"><subfield code="5">130555109:19672550X</subfield><subfield code="a">Les numéros avant 1990 sont consultables sur place</subfield></datafield><datafield tag="326" ind1="#" ind2="#"><subfield code="a">Mensuel</subfield></datafield><datafield tag="421" ind1="#" ind2="#"><subfield code="t">Grand Louvre</subfield></datafield><datafield tag="440" ind1="#" ind2="#"><subfield code="0">037943561</subfield><subfield code="t">CA. Connaissance des arts</subfield><subfield code="x">0395-5893</subfield></datafield><datafield tag="517" ind1="#" ind2="#"><subfield code="a">Connaisseur (Paris)</subfield></datafield><datafield tag="530" ind1="1" ind2="#"><subfield code="a">Connaissance des arts</subfield><subfield code="b">(1952)</subfield></datafield><datafield tag="531" ind1="#" ind2="#"><subfield code="a">Connaiss. arts</subfield><subfield code="b">(1952)</subfield></datafield><datafield tag="606" ind1="#" ind2="#"><subfield code="3">027269302</subfield><subfield code="a">Art</subfield><subfield code="2">rameau</subfield></datafield><datafield tag="606" ind1="#" ind2="#"><subfield code="3">027823563</subfield><subfield code="a">Histoire de l&apos;art</subfield><subfield code="2">rameau</subfield></datafield><datafield tag="606" ind1="#" ind2="#"><subfield code="1">62</subfield><subfield code="a">Arts</subfield><subfield code="2">rameau</subfield></datafield><datafield tag="608" ind1="#" ind2="#"><subfield code="3">02724640X</subfield><subfield code="a">Périodique</subfield><subfield code="2">rameau</subfield></datafield><datafield tag="675" ind1="#" ind2="#"><subfield code="a">73</subfield></datafield><datafield tag="675" ind1="#" ind2="#"><subfield code="a">75</subfield></datafield><datafield tag="675" ind1="#" ind2="#"><subfield code="a">76</subfield></datafield><datafield tag="676" ind1="#" ind2="#"><subfield code="a">709</subfield></datafield><datafield tag="676" ind1="#" ind2="#"><subfield code="a">750</subfield></datafield><datafield tag="686" ind1="#" ind2="#"><subfield code="a">AA7600</subfield></datafield><datafield tag="686" ind1="#" ind2="#"><subfield code="1">88</subfield><subfield code="a">705</subfield><subfield code="2">DEWBSG</subfield></datafield><datafield tag="801" ind1="#" ind2="3"><subfield code="a">FR</subfield><subfield code="b">Abes</subfield><subfield code="c">20250414</subfield><subfield code="g">AFNOR</subfield></datafield><datafield tag="801" ind1="#" ind2="3"><subfield code="a">FR</subfield><subfield code="b">ISSN</subfield><subfield code="c">20150615</subfield></datafield><datafield tag="802" ind1="#" ind2="#"><subfield code="a">07</subfield></datafield><datafield tag="830" ind1="#" ind2="#"><subfield code="a">Réforme Rameau Genre-Forme retro périos (ne pas supprimer)</subfield></datafield><datafield tag="930" ind1="#" ind2="#"><subfield code="5">315555245:22258994901</subfield><subfield code="b">315555245</subfield><subfield code="z">PCMP</subfield><subfield code="p">Pôle de conservation</subfield><subfield code="j">f</subfield></datafield><datafield tag="955" ind1="4" ind2="1"><subfield code="5">315555245:22258994901</subfield><subfield code="b">83</subfield><subfield code="i">1959</subfield><subfield code="b">238</subfield><subfield code="i">1971</subfield><subfield code="w">Lacunes 10%</subfield><subfield code="r">no. 83 (1959) - no. 238  (1971) [Lacunes 10%]</subfield></datafield><datafield tag="940" ind1=" " ind2=" "><subfield code="5">315555245:22258994901</subfield><subfield code="a">20050207</subfield><subfield code="b">xF</subfield></datafield><datafield tag="941" ind1=" " ind2=" "><subfield code="5">315555245:22258994901</subfield><subfield code="a">20240314</subfield><subfield code="b">11:57:58.000</subfield></datafield></record>