<record><leader>     cas0 22        450 </leader><controlfield tag="001">040496929</controlfield><controlfield tag="002">222,226,232,233,408,414,418</controlfield><controlfield tag="003">https://www.sudoc.fr/040496929</controlfield><controlfield tag="004">19960829</controlfield><controlfield tag="005">20241022105430.000</controlfield><controlfield tag="006">9999</controlfield><controlfield tag="007">1998</controlfield><controlfield tag="008">Abx3</controlfield><datafield tag="011" ind1="#" ind2="#"><subfield code="a">1274-2368</subfield><subfield code="f">1274-2368</subfield></datafield><datafield tag="033" ind1="#" ind2="#"><subfield code="a">https://catalogue.bnf.fr/ark:/12148/cb34539072f</subfield><subfield code="2">BNF</subfield><subfield code="d">20191220</subfield></datafield><datafield tag="034" ind1=" " ind2=" "><subfield code="a">OCoLC</subfield><subfield code="0">473158722</subfield></datafield><datafield tag="035" ind1="#" ind2="#"><subfield code="a">ccn1274-2368</subfield></datafield><datafield tag="035" ind1="#" ind2="#"><subfield code="a">issn12742368</subfield></datafield><datafield tag="035" ind1="#" ind2="#"><subfield code="1">418</subfield><subfield code="a">36408</subfield></datafield><datafield tag="100" ind1="#" ind2="#"><subfield code="a">19960829b19951998||||0fre|50      ba</subfield><subfield code="Y">0#</subfield><subfield code="A">1995</subfield><subfield code="B">1998</subfield></datafield><datafield tag="101" ind1="0" ind2="#"><subfield code="a">fre</subfield><subfield code="2">639-2</subfield></datafield><datafield tag="102" ind1="#" ind2="#"><subfield code="a">FR</subfield></datafield><datafield tag="104" ind1="#" ind2="#"><subfield code="d">ba</subfield><subfield code="e">0</subfield><subfield code="f">fre</subfield></datafield><datafield tag="106" ind1="#" ind2="#"><subfield code="a">r</subfield></datafield><datafield tag="110" ind1="#" ind2="#"><subfield code="a">au|||||||||</subfield></datafield><datafield tag="181" ind1="#" ind2="#"><subfield code="6">z01</subfield><subfield code="c">txt</subfield><subfield code="2">rdacontent</subfield></datafield><datafield tag="181" ind1="#" ind2="#"><subfield code="6">z02</subfield><subfield code="c">sti</subfield><subfield code="2">rdacontent</subfield></datafield><datafield tag="181" ind1="#" ind2="1"><subfield code="6">z01</subfield><subfield code="a">i#</subfield><subfield code="b">xxxe##</subfield></datafield><datafield tag="181" ind1="#" ind2="1"><subfield code="6">z02</subfield><subfield code="a">b#</subfield><subfield code="b">xb2e##</subfield></datafield><datafield tag="182" ind1="#" ind2="#"><subfield code="6">z01</subfield><subfield code="c">n</subfield><subfield code="2">rdamedia</subfield></datafield><datafield tag="182" ind1="#" ind2="#"><subfield code="6">z02</subfield><subfield code="c">n</subfield><subfield code="2">rdamedia</subfield></datafield><datafield tag="182" ind1="#" ind2="1"><subfield code="6">z01</subfield><subfield code="a">n</subfield></datafield><datafield tag="182" ind1="#" ind2="1"><subfield code="6">z02</subfield><subfield code="a">n</subfield></datafield><datafield tag="183" ind1="#" ind2="#"><subfield code="6">z01</subfield><subfield code="6">z02</subfield><subfield code="a">nga</subfield><subfield code="2">RDAfrCarrier</subfield></datafield><datafield tag="200" ind1="1" ind2="#"><subfield code="a">Purple fashion</subfield></datafield><datafield tag="214" ind1="#" ind2="0"><subfield code="a">Paris</subfield><subfield code="c">Association Belle haleine</subfield><subfield code="d">1995-1998</subfield></datafield><datafield tag="319" ind1="#" ind2="#"><subfield code="5">751062312:220621322</subfield><subfield code="a">Reproductible</subfield></datafield><datafield tag="447" ind1="#" ind2="#"><subfield code="0">045055610</subfield><subfield code="t">Purple sexe</subfield><subfield code="x">1287-5848</subfield></datafield><datafield tag="447" ind1="#" ind2="#"><subfield code="0">040496910</subfield><subfield code="t">Purple fiction</subfield><subfield code="x">1274-235X</subfield></datafield><datafield tag="447" ind1="#" ind2="#"><subfield code="0">040111970</subfield><subfield code="t">Purple prose</subfield><subfield code="x">1244-6874</subfield></datafield><datafield tag="447" ind1="#" ind2="#"><subfield code="0">045090874</subfield><subfield code="t">Purple (Paris)</subfield><subfield code="x">1294-4734</subfield></datafield><datafield tag="530" ind1="0" ind2="#"><subfield code="a">Purple fashion</subfield></datafield><datafield tag="606" ind1="#" ind2="#"><subfield code="3">027269418</subfield><subfield code="a">Art</subfield><subfield code="z">20e siècle</subfield><subfield code="2">rameau</subfield></datafield><datafield tag="606" ind1="#" ind2="#"><subfield code="3">027269302</subfield><subfield code="a">Art</subfield><subfield code="3">050665391</subfield><subfield code="z">2000-....</subfield><subfield code="2">rameau</subfield></datafield><datafield tag="606" ind1="#" ind2="#"><subfield code="3">027300056</subfield><subfield code="a">Photographie de mode</subfield><subfield code="2">rameau</subfield></datafield><datafield tag="608" ind1="#" ind2="#"><subfield code="3">027246892</subfield><subfield code="a">Photographie artistique</subfield><subfield code="2">rameau</subfield></datafield><datafield tag="608" ind1="#" ind2="#"><subfield code="3">02724640X</subfield><subfield code="a">Périodiques</subfield><subfield code="2">rameau</subfield></datafield><datafield tag="675" ind1="#" ind2="#"><subfield code="a">746.4</subfield></datafield><datafield tag="676" ind1="#" ind2="#"><subfield code="a">746.92</subfield></datafield><datafield tag="712" ind1="0" ind2="2"><subfield code="3">034020942</subfield><subfield code="a">Association Belle haleine</subfield><subfield code="c">Paris</subfield><subfield code="4">340</subfield></datafield><datafield tag="801" ind1="#" ind2="3"><subfield code="a">FR</subfield><subfield code="b">Abes</subfield><subfield code="c">20241022</subfield><subfield code="g">AFNOR</subfield></datafield><datafield tag="801" ind1="#" ind2="3"><subfield code="a">FR</subfield><subfield code="b">ISSN</subfield><subfield code="c">20000630</subfield></datafield><datafield tag="802" ind1="#" ind2="#"><subfield code="a">07</subfield></datafield><datafield tag="830" ind1="#" ind2="#"><subfield code="a">Réforme Rameau Genre-Forme retro périos (ne pas supprimer)</subfield></datafield><datafield tag="830" ind1="#" ind2="#"><subfield code="a">Réforme Rameau Genre-Forme retro photographies (ne pas supprimer)</subfield></datafield><datafield tag="930" ind1="#" ind2="#"><subfield code="5">315555245:23737348301</subfield><subfield code="b">315555245</subfield><subfield code="j">f</subfield></datafield><datafield tag="955" ind1="4" ind2="1"><subfield code="5">315555245:23737348301</subfield><subfield code="b">4</subfield><subfield code="i">1998</subfield><subfield code="r">no. 4 (1998)</subfield></datafield><datafield tag="940" ind1=" " ind2=" "><subfield code="5">315555245:23737348301</subfield><subfield code="a">20050725</subfield><subfield code="b">rF</subfield></datafield><datafield tag="941" ind1=" " ind2=" "><subfield code="5">315555245:23737348301</subfield><subfield code="a">20050725</subfield><subfield code="b">18:28:27.000</subfield></datafield></record>