<record><leader>     cas0 22        450 </leader><controlfield tag="001">045090874</controlfield><controlfield tag="002">50,80,90,102,201,204,215,219,222,226,227,229,230,232,233,408,412,414,418</controlfield><controlfield tag="003">https://www.sudoc.fr/045090874</controlfield><controlfield tag="004">20000407</controlfield><controlfield tag="005">20250107182759.000</controlfield><controlfield tag="006">1838</controlfield><controlfield tag="007">1999</controlfield><controlfield tag="008">Abx3</controlfield><datafield tag="011" ind1="#" ind2="#"><subfield code="a">1294-4734</subfield><subfield code="f">1294-4734</subfield></datafield><datafield tag="033" ind1="#" ind2="#"><subfield code="a">https://catalogue.bnf.fr/ark:/12148/cb36951410f</subfield><subfield code="2">BNF</subfield><subfield code="d">20191202</subfield></datafield><datafield tag="034" ind1=" " ind2=" "><subfield code="a">OCoLC</subfield><subfield code="0">473668590</subfield></datafield><datafield tag="035" ind1=" " ind2=" "><subfield code="a">07385123X</subfield><subfield code="9">sudoc</subfield></datafield><datafield tag="035" ind1="#" ind2="#"><subfield code="a">ccn1294-4734</subfield></datafield><datafield tag="035" ind1="#" ind2="#"><subfield code="a">issn12944734</subfield></datafield><datafield tag="035" ind1="#" ind2="#"><subfield code="1">418</subfield><subfield code="a">36409</subfield></datafield><datafield tag="100" ind1="#" ind2="#"><subfield code="a">20000407b19982003k  y0frey50      ba</subfield><subfield code="Y">0#</subfield><subfield code="A">1998</subfield><subfield code="B">2003</subfield></datafield><datafield tag="101" ind1="0" ind2="#"><subfield code="a">mul</subfield><subfield code="2">639-2</subfield></datafield><datafield tag="102" ind1="#" ind2="#"><subfield code="a">FR</subfield></datafield><datafield tag="104" ind1="#" ind2="#"><subfield code="a">k</subfield><subfield code="b">y</subfield><subfield code="c">y</subfield><subfield code="d">ba</subfield><subfield code="e">0</subfield><subfield code="f">fre</subfield></datafield><datafield tag="106" ind1="#" ind2="#"><subfield code="a">r</subfield></datafield><datafield tag="110" ind1="#" ind2="#"><subfield code="a">aju|||||uu|</subfield></datafield><datafield tag="181" ind1="#" ind2="#"><subfield code="6">z01</subfield><subfield code="c">txt</subfield><subfield code="2">rdacontent</subfield></datafield><datafield tag="181" ind1="#" ind2="#"><subfield code="6">z02</subfield><subfield code="c">sti</subfield><subfield code="2">rdacontent</subfield></datafield><datafield tag="181" ind1="#" ind2="1"><subfield code="6">z01</subfield><subfield code="a">i#</subfield><subfield code="b">xxxe##</subfield></datafield><datafield tag="181" ind1="#" ind2="1"><subfield code="6">z02</subfield><subfield code="a">b#</subfield><subfield code="b">xb2e##</subfield></datafield><datafield tag="182" ind1="#" ind2="#"><subfield code="6">z01</subfield><subfield code="6">z02</subfield><subfield code="c">n</subfield><subfield code="2">rdamedia</subfield></datafield><datafield tag="182" ind1="#" ind2="1"><subfield code="6">z01</subfield><subfield code="6">z02</subfield><subfield code="a">n</subfield></datafield><datafield tag="183" ind1="#" ind2="#"><subfield code="6">z01</subfield><subfield code="6">z02</subfield><subfield code="a">nga</subfield><subfield code="2">RDAfrCarrier</subfield></datafield><datafield tag="200" ind1="1" ind2="#"><subfield code="a">Purple</subfield></datafield><datafield tag="207" ind1="#" ind2="0"><subfield code="a">N°1(1998, summer)- n°15(2003, printemps/été)</subfield></datafield><datafield tag="214" ind1="#" ind2="0"><subfield code="a">Paris</subfield><subfield code="c">Association Belle haleine</subfield><subfield code="d">1998-2003</subfield></datafield><datafield tag="306" ind1="#" ind2="#"><subfield code="a">Nouvelle adresse bibliographique : Paris : Sarl Purple Institute, 2003</subfield></datafield><datafield tag="319" ind1="#" ind2="#"><subfield code="5">751062312:220621055</subfield><subfield code="a">Reproductible</subfield></datafield><datafield tag="326" ind1="#" ind2="#"><subfield code="a">Semestriel</subfield></datafield><datafield tag="436" ind1="#" ind2="#"><subfield code="0">045055610</subfield><subfield code="t">Purple sexe</subfield><subfield code="x">1287-5848</subfield></datafield><datafield tag="436" ind1="#" ind2="#"><subfield code="0">040496910</subfield><subfield code="t">Purple fiction</subfield><subfield code="x">1274-235X</subfield></datafield><datafield tag="436" ind1="#" ind2="#"><subfield code="0">040496929</subfield><subfield code="t">Purple fashion</subfield><subfield code="x">1274-2368</subfield></datafield><datafield tag="436" ind1="#" ind2="#"><subfield code="0">040111970</subfield><subfield code="t">Purple prose</subfield><subfield code="x">1244-6874</subfield></datafield><datafield tag="446" ind1="#" ind2="#"><subfield code="0">078020948</subfield><subfield code="t">Purple journal</subfield><subfield code="x">1766-8840</subfield></datafield><datafield tag="446" ind1="#" ind2="#"><subfield code="0">078580080</subfield><subfield code="t">Purple fashion (2004)</subfield><subfield code="x">1766-8832</subfield></datafield><datafield tag="517" ind1="#" ind2="#"><subfield code="a">Purple new formula</subfield></datafield><datafield tag="530" ind1="1" ind2="#"><subfield code="a">Purple</subfield><subfield code="b">(Paris)</subfield></datafield><datafield tag="606" ind1="#" ind2="#"><subfield code="3">027269418</subfield><subfield code="a">Art</subfield><subfield code="z">20e siècle</subfield><subfield code="2">rameau</subfield></datafield><datafield tag="606" ind1="#" ind2="#"><subfield code="3">027269302</subfield><subfield code="a">Art</subfield><subfield code="3">050665391</subfield><subfield code="z">2000-....</subfield><subfield code="2">rameau</subfield></datafield><datafield tag="606" ind1="#" ind2="#"><subfield code="3">027300056</subfield><subfield code="a">Photographie de mode</subfield><subfield code="2">rameau</subfield></datafield><datafield tag="608" ind1="#" ind2="#"><subfield code="3">027246892</subfield><subfield code="a">Photographie artistique</subfield><subfield code="2">rameau</subfield></datafield><datafield tag="608" ind1="#" ind2="#"><subfield code="3">02724640X</subfield><subfield code="a">Périodiques</subfield><subfield code="2">rameau</subfield></datafield><datafield tag="675" ind1="#" ind2="#"><subfield code="a">347.784</subfield></datafield><datafield tag="675" ind1="#" ind2="#"><subfield code="a">7.01</subfield></datafield><datafield tag="675" ind1="#" ind2="#"><subfield code="a">746.4</subfield></datafield><datafield tag="676" ind1="#" ind2="#"><subfield code="a">700</subfield></datafield><datafield tag="676" ind1="#" ind2="#"><subfield code="a">746.92</subfield></datafield><datafield tag="712" ind1="0" ind2="2"><subfield code="3">034020942</subfield><subfield code="a">Association Belle haleine</subfield><subfield code="c">Paris</subfield><subfield code="4">340</subfield></datafield><datafield tag="801" ind1="#" ind2="3"><subfield code="a">FR</subfield><subfield code="b">ISSN</subfield><subfield code="c">20121211</subfield></datafield><datafield tag="802" ind1="#" ind2="#"><subfield code="a">07</subfield></datafield><datafield tag="830" ind1="#" ind2="#"><subfield code="a">Réforme Rameau Genre-Forme retro périos (ne pas supprimer)</subfield></datafield><datafield tag="830" ind1="#" ind2="#"><subfield code="a">Réforme Rameau Genre-Forme retro photographies (ne pas supprimer)</subfield></datafield><datafield tag="930" ind1="#" ind2="#"><subfield code="5">315555245:22772973001</subfield><subfield code="b">315555245</subfield><subfield code="j">f</subfield></datafield><datafield tag="955" ind1="4" ind2="1"><subfield code="5">315555245:22772973001</subfield><subfield code="b">1</subfield><subfield code="i">1998</subfield><subfield code="b">3</subfield><subfield code="i">1999</subfield></datafield><datafield tag="955" ind1="4" ind2="1"><subfield code="5">315555245:22772973001</subfield><subfield code="b">6</subfield><subfield code="i">2000</subfield><subfield code="i">2003</subfield><subfield code="r">no. 1 (1998) - no. 3  (1999) ; no. 6 (2000) - (2003)</subfield></datafield><datafield tag="940" ind1=" " ind2=" "><subfield code="5">315555245:22772973001</subfield><subfield code="a">20050405</subfield><subfield code="b">xF</subfield></datafield><datafield tag="941" ind1=" " ind2=" "><subfield code="5">315555245:22772973001</subfield><subfield code="a">20050725</subfield><subfield code="b">18:44:16.000</subfield></datafield></record>