<record><leader>     cas0 22        450 </leader><controlfield tag="001">058373039</controlfield><controlfield tag="002">222,408,418</controlfield><controlfield tag="003">https://www.sudoc.fr/058373039</controlfield><controlfield tag="004">20001001</controlfield><controlfield tag="005">20210210111039.000</controlfield><controlfield tag="006">999999998</controlfield><controlfield tag="007">751062312</controlfield><controlfield tag="008">Abx3</controlfield><datafield tag="011" ind1="#" ind2="#"><subfield code="a">1567-4495</subfield><subfield code="f">1567-4495</subfield></datafield><datafield tag="034" ind1=" " ind2=" "><subfield code="a">OCoLC</subfield><subfield code="0">44760327</subfield></datafield><datafield tag="035" ind1="#" ind2="#"><subfield code="a">issn15674495</subfield></datafield><datafield tag="100" ind1="#" ind2="#"><subfield code="a">20001001b19992001u  y1frey50      ba</subfield><subfield code="Y">0#</subfield><subfield code="A">1999</subfield><subfield code="B">2001</subfield></datafield><datafield tag="101" ind1="0" ind2="#"><subfield code="a">dut</subfield><subfield code="2">639-2</subfield></datafield><datafield tag="102" ind1="#" ind2="#"><subfield code="a">NL</subfield></datafield><datafield tag="104" ind1="#" ind2="#"><subfield code="a">u</subfield><subfield code="b">y</subfield><subfield code="c">y</subfield><subfield code="d">ba</subfield><subfield code="e">1</subfield><subfield code="f">fre</subfield></datafield><datafield tag="110" ind1="#" ind2="#"><subfield code="a">ayu||||@uu|</subfield></datafield><datafield tag="181" ind1="#" ind2="#"><subfield code="6">z01</subfield><subfield code="c">txt</subfield><subfield code="2">rdacontent</subfield></datafield><datafield tag="181" ind1="#" ind2="#"><subfield code="6">z02</subfield><subfield code="c">sti</subfield><subfield code="2">rdacontent</subfield></datafield><datafield tag="181" ind1="#" ind2="1"><subfield code="6">z01</subfield><subfield code="a">i#</subfield><subfield code="b">xxxe##</subfield></datafield><datafield tag="181" ind1="#" ind2="1"><subfield code="6">z02</subfield><subfield code="a">b#</subfield><subfield code="b">xb2e##</subfield></datafield><datafield tag="182" ind1="#" ind2="#"><subfield code="6">z01</subfield><subfield code="c">n</subfield><subfield code="2">rdamedia</subfield></datafield><datafield tag="182" ind1="#" ind2="#"><subfield code="6">z02</subfield><subfield code="c">n</subfield><subfield code="2">rdamedia</subfield></datafield><datafield tag="182" ind1="#" ind2="1"><subfield code="6">z01</subfield><subfield code="a">n</subfield></datafield><datafield tag="182" ind1="#" ind2="1"><subfield code="6">z02</subfield><subfield code="a">n</subfield></datafield><datafield tag="183" ind1="#" ind2="#"><subfield code="6">z01</subfield><subfield code="6">z02</subfield><subfield code="a">nga</subfield><subfield code="2">RDAfrCarrier</subfield></datafield><datafield tag="200" ind1="1" ind2="#"><subfield code="a">From</subfield></datafield><datafield tag="214" ind1="#" ind2="0"><subfield code="a">Rotterdam</subfield><subfield code="c">Witte de With</subfield><subfield code="d">1999-2001</subfield></datafield><datafield tag="530" ind1="1" ind2="#"><subfield code="a">From</subfield><subfield code="b">(Rotterdam)</subfield></datafield><datafield tag="675" ind1="#" ind2="#"><subfield code="a">73</subfield></datafield><datafield tag="676" ind1="#" ind2="#"><subfield code="a">709.04</subfield></datafield><datafield tag="676" ind1="#" ind2="#"><subfield code="a">709.492</subfield></datafield><datafield tag="712" ind1="0" ind2="2"><subfield code="3">031693032</subfield><subfield code="a">Witte de With center for contemporary art</subfield><subfield code="c">Rotterdam, Pays-Bas</subfield><subfield code="4">340</subfield></datafield><datafield tag="801" ind1="#" ind2="3"><subfield code="a">FR</subfield><subfield code="b">Abes</subfield><subfield code="c">20210210</subfield><subfield code="g">AFNOR</subfield></datafield><datafield tag="801" ind1="#" ind2="3"><subfield code="a">FR</subfield><subfield code="b">ISSN</subfield><subfield code="c">20001001</subfield></datafield><datafield tag="802" ind1="#" ind2="#"><subfield code="a">0j</subfield></datafield><datafield tag="930" ind1="#" ind2="#"><subfield code="5">315555245:22253088X01</subfield><subfield code="b">315555245</subfield><subfield code="j">f</subfield></datafield><datafield tag="955" ind1="4" ind2="1"><subfield code="5">315555245:22253088X01</subfield><subfield code="b">1</subfield><subfield code="i">1999</subfield><subfield code="b">5</subfield><subfield code="i">2001</subfield><subfield code="r">no. 1 (1999) - no. 5  (2001)</subfield></datafield><datafield tag="940" ind1=" " ind2=" "><subfield code="5">315555245:22253088X01</subfield><subfield code="a">20050207</subfield><subfield code="b">xF</subfield></datafield><datafield tag="941" ind1=" " ind2=" "><subfield code="5">315555245:22253088X01</subfield><subfield code="a">20050207</subfield><subfield code="b">09:45:21.000</subfield></datafield></record>