<record><leader>     cas0 22        450 </leader><controlfield tag="001">077555783</controlfield><controlfield tag="002">50,51,222,229,230,408</controlfield><controlfield tag="003">https://www.sudoc.fr/077555783</controlfield><controlfield tag="004">20030523</controlfield><controlfield tag="005">20231101044004.000</controlfield><controlfield tag="006">999999998</controlfield><controlfield tag="007">1999</controlfield><controlfield tag="008">Abx3</controlfield><datafield tag="011" ind1="#" ind2="#"><subfield code="a">1696-6600</subfield><subfield code="f">1696-6600</subfield></datafield><datafield tag="034" ind1=" " ind2=" "><subfield code="a">OCoLC</subfield><subfield code="0">650883525</subfield></datafield><datafield tag="035" ind1="#" ind2="#"><subfield code="a">issn16966600</subfield></datafield><datafield tag="100" ind1="#" ind2="#"><subfield code="a">20030523b20032007|||y0frey50      ba</subfield><subfield code="Y">0#</subfield><subfield code="A">2003</subfield><subfield code="B">2007</subfield></datafield><datafield tag="101" ind1="0" ind2="#"><subfield code="a">spa</subfield><subfield code="2">639-2</subfield></datafield><datafield tag="102" ind1="#" ind2="#"><subfield code="a">ES</subfield></datafield><datafield tag="104" ind1="#" ind2="#"><subfield code="b">y</subfield><subfield code="c">y</subfield><subfield code="d">ba</subfield><subfield code="e">0</subfield><subfield code="f">fre</subfield></datafield><datafield tag="110" ind1="#" ind2="#"><subfield code="a">ahu||||@uu|</subfield></datafield><datafield tag="181" ind1="#" ind2="#"><subfield code="6">z01</subfield><subfield code="c">txt</subfield><subfield code="2">rdacontent</subfield></datafield><datafield tag="181" ind1="#" ind2="1"><subfield code="6">z01</subfield><subfield code="a">i#</subfield><subfield code="b">xxxe##</subfield></datafield><datafield tag="182" ind1="#" ind2="#"><subfield code="6">z01</subfield><subfield code="c">n</subfield><subfield code="2">rdamedia</subfield></datafield><datafield tag="182" ind1="#" ind2="1"><subfield code="6">z01</subfield><subfield code="a">n</subfield></datafield><datafield tag="200" ind1="1" ind2="#"><subfield code="a">ARCO, arte contemporáneo</subfield></datafield><datafield tag="210" ind1="#" ind2="#"><subfield code="a">Madrid</subfield><subfield code="c">Asociación Amigos de Arco</subfield><subfield code="d">2003-</subfield></datafield><datafield tag="326" ind1="#" ind2="#"><subfield code="a">Trimestriel</subfield></datafield><datafield tag="430" ind1="#" ind2="#"><subfield code="0">036329584</subfield><subfield code="t">Arconoticias (Madrid)</subfield><subfield code="x">1136-6907</subfield></datafield><datafield tag="440" ind1="#" ind2="#"><subfield code="0">122834895</subfield><subfield code="t">Art &amp; Co (Madrid)</subfield><subfield code="x">1888-3729</subfield></datafield><datafield tag="447" ind1="#" ind2="#"><subfield code="0">077555791</subfield><subfield code="t">ARCO, contemporary art</subfield><subfield code="x">1696-6619</subfield></datafield><datafield tag="453" ind1="#" ind2="#"><subfield code="0">077555791</subfield><subfield code="t">ARCO, contemporary art</subfield><subfield code="x">1696-6619</subfield></datafield><datafield tag="517" ind1="#" ind2="#"><subfield code="a">Arte contemporáneo ARCO</subfield></datafield><datafield tag="530" ind1="0" ind2="#"><subfield code="a">ARCO, arte contemporáneo</subfield></datafield><datafield tag="531" ind1="#" ind2="#"><subfield code="a">ARCO arte contemp.</subfield></datafield><datafield tag="606" ind1="#" ind2="#"><subfield code="3">027269418</subfield><subfield code="a">Art</subfield><subfield code="z">20e siècle</subfield><subfield code="2">rameau</subfield></datafield><datafield tag="606" ind1="#" ind2="#"><subfield code="3">027269302</subfield><subfield code="a">Art</subfield><subfield code="3">050665391</subfield><subfield code="z">2000-....</subfield><subfield code="2">rameau</subfield></datafield><datafield tag="608" ind1="#" ind2="#"><subfield code="3">02724640X</subfield><subfield code="a">Périodiques</subfield><subfield code="2">rameau</subfield></datafield><datafield tag="675" ind1="#" ind2="#"><subfield code="a">7.035/.036</subfield></datafield><datafield tag="676" ind1="#" ind2="#"><subfield code="a">709.04</subfield></datafield><datafield tag="710" ind1="0" ind2="2"><subfield code="a">Asociación Amigos de Arco</subfield><subfield code="4">070</subfield></datafield><datafield tag="801" ind1="#" ind2="3"><subfield code="a">FR</subfield><subfield code="b">Abes</subfield><subfield code="c">20231101</subfield><subfield code="g">AFNOR</subfield></datafield><datafield tag="801" ind1="#" ind2="3"><subfield code="a">FR</subfield><subfield code="b">ISSN</subfield><subfield code="c">20080314</subfield></datafield><datafield tag="802" ind1="#" ind2="#"><subfield code="a">0u</subfield></datafield><datafield tag="830" ind1="#" ind2="#"><subfield code="a">Réforme Rameau Genre-Forme retro périos (ne pas supprimer)</subfield></datafield><datafield tag="930" ind1="#" ind2="#"><subfield code="5">315555245:23480490401</subfield><subfield code="b">315555245</subfield><subfield code="j">f</subfield></datafield><datafield tag="955" ind1="4" ind2="1"><subfield code="5">315555245:23480490401</subfield><subfield code="b">28</subfield><subfield code="i">2003</subfield><subfield code="b">33</subfield><subfield code="i">2004</subfield><subfield code="r">no. 28 (2003) - no. 33  (2004)</subfield></datafield><datafield tag="940" ind1=" " ind2=" "><subfield code="5">315555245:23480490401</subfield><subfield code="a">20050623</subfield><subfield code="b">rF</subfield></datafield><datafield tag="941" ind1=" " ind2=" "><subfield code="5">315555245:23480490401</subfield><subfield code="a">20050623</subfield><subfield code="b">16:39:07.000</subfield></datafield></record>