<record><leader>     cas0 22        450 </leader><controlfield tag="001">036183156</controlfield><controlfield tag="002">35,50,51,59,63,75,90,126,190,200,201,202,203,207,209,215,219,222,223,224,226,228,229,230,231,232,233,408,414,418,427</controlfield><controlfield tag="003">https://www.sudoc.fr/036183156</controlfield><controlfield tag="004">19750806</controlfield><controlfield tag="005">20250109135927.000</controlfield><controlfield tag="006">9999</controlfield><controlfield tag="007">674821001</controlfield><controlfield tag="008">Abx3</controlfield><datafield tag="011" ind1="#" ind2="#"><subfield code="a">0004-3532</subfield><subfield code="f">0004-3532</subfield></datafield><datafield tag="033" ind1="#" ind2="#"><subfield code="a">https://catalogue.bnf.fr/ark:/12148/cb34463511m</subfield><subfield code="2">BNF</subfield><subfield code="d">20230511</subfield></datafield><datafield tag="033" ind1="#" ind2="#"><subfield code="a">https://reseau-mirabel.info/revue/titre-id/25757</subfield><subfield code="2">Mir@bel</subfield><subfield code="d">20240304</subfield></datafield><datafield tag="034" ind1=" " ind2=" "><subfield code="a">OCoLC</subfield><subfield code="0">185425652</subfield></datafield><datafield tag="035" ind1="#" ind2="#"><subfield code="a">ccn0004-3532</subfield></datafield><datafield tag="035" ind1="#" ind2="#"><subfield code="a">issn00043532</subfield></datafield><datafield tag="035" ind1="#" ind2="#"><subfield code="a">MIR_25757</subfield></datafield><datafield tag="100" ind1="#" ind2="#"><subfield code="a">19750806b19621982k  y0frey50      ba</subfield><subfield code="Y">0#</subfield><subfield code="A">1962</subfield><subfield code="B">1982</subfield></datafield><datafield tag="101" ind1="0" ind2="#"><subfield code="a">eng</subfield><subfield code="2">639-2</subfield></datafield><datafield tag="102" ind1="#" ind2="#"><subfield code="a">US</subfield></datafield><datafield tag="104" ind1="#" ind2="#"><subfield code="a">k</subfield><subfield code="b">y</subfield><subfield code="c">y</subfield><subfield code="d">ba</subfield><subfield code="e">0</subfield><subfield code="f">fre</subfield></datafield><datafield tag="106" ind1="#" ind2="#"><subfield code="a">r</subfield></datafield><datafield tag="110" ind1="#" ind2="#"><subfield code="a">afb||||0uu|</subfield></datafield><datafield tag="181" ind1="#" ind2="#"><subfield code="6">z01</subfield><subfield code="c">txt</subfield><subfield code="2">rdacontent</subfield></datafield><datafield tag="181" ind1="#" ind2="1"><subfield code="6">z01</subfield><subfield code="a">i#</subfield><subfield code="b">xxxe##</subfield></datafield><datafield tag="182" ind1="#" ind2="#"><subfield code="6">z01</subfield><subfield code="c">n</subfield><subfield code="2">rdamedia</subfield></datafield><datafield tag="182" ind1="#" ind2="1"><subfield code="6">z01</subfield><subfield code="a">n</subfield></datafield><datafield tag="183" ind1="#" ind2="#"><subfield code="6">z01</subfield><subfield code="a">nga</subfield><subfield code="2">RDAfrCarrier</subfield></datafield><datafield tag="200" ind1="1" ind2="#"><subfield code="a">Artforum</subfield></datafield><datafield tag="207" ind1="#" ind2="0"><subfield code="a">Vol. 1, n. 1 (june 1962)-v. 20, n. 8 (apr. 1982)</subfield></datafield><datafield tag="214" ind1="#" ind2="0"><subfield code="a">[New York, etc.]</subfield><subfield code="c">[Artforum, etc.]</subfield><subfield code="d">1962-1982</subfield></datafield><datafield tag="319" ind1="#" ind2="#"><subfield code="5">130555109:196724759</subfield><subfield code="a">Les numéros avant 1990 sont consultables sur place</subfield></datafield><datafield tag="326" ind1="#" ind2="#"><subfield code="a">Mensuel</subfield></datafield><datafield tag="330" ind1="#" ind2="#"><subfield code="a">ArtForum est un magazine mensuel spécialisé dans l’art contemporain. Il est publié 10 fois par an, tous les mois de septembre à mai. Les mois Juin/Juillet/Août étant regroupés dans un seul numéro d’été. Il a été fondé à San Francisco en 1962 par John Irwin, avant de déménager à Los Angeles en 1965 pour finalement s’installer définitivement à New-York en 1967.</subfield></datafield><datafield tag="440" ind1="#" ind2="#"><subfield code="0">040358216</subfield><subfield code="t">Artforum international</subfield><subfield code="x">1086-7058</subfield></datafield><datafield tag="530" ind1="0" ind2="#"><subfield code="a">Artforum</subfield></datafield><datafield tag="531" ind1="#" ind2="#"><subfield code="a">Artforum</subfield></datafield><datafield tag="606" ind1="#" ind2="#"><subfield code="3">027269302</subfield><subfield code="a">Art</subfield><subfield code="2">rameau</subfield></datafield><datafield tag="606" ind1="#" ind2="#"><subfield code="3">027269302</subfield><subfield code="a">Art</subfield><subfield code="3">050665391</subfield><subfield code="z">2000-....</subfield><subfield code="2">rameau</subfield></datafield><datafield tag="607" ind1="#" ind2="#"><subfield code="3">027225488</subfield><subfield code="a">États-Unis</subfield><subfield code="2">rameau</subfield></datafield><datafield tag="608" ind1="#" ind2="#"><subfield code="3">02724640X</subfield><subfield code="a">Périodique</subfield><subfield code="2">rameau</subfield></datafield><datafield tag="675" ind1="#" ind2="#"><subfield code="a">(73)</subfield></datafield><datafield tag="676" ind1="#" ind2="#"><subfield code="a">705</subfield></datafield><datafield tag="676" ind1="#" ind2="#"><subfield code="a">709</subfield></datafield><datafield tag="680" ind1="#" ind2="#"><subfield code="a">N1 .A814</subfield></datafield><datafield tag="686" ind1="#" ind2="#"><subfield code="a">AA0682</subfield></datafield><datafield tag="801" ind1="#" ind2="3"><subfield code="a">FR</subfield><subfield code="b">Abes</subfield><subfield code="c">20250109</subfield><subfield code="g">AFNOR</subfield></datafield><datafield tag="801" ind1="#" ind2="3"><subfield code="a">FR</subfield><subfield code="b">ISSN</subfield><subfield code="c">20220225</subfield></datafield><datafield tag="802" ind1="#" ind2="#"><subfield code="a">01</subfield></datafield><datafield tag="830" ind1="#" ind2="#"><subfield code="a">Réforme Rameau Genre-Forme retro périos (ne pas supprimer)</subfield></datafield><datafield tag="930" ind1="#" ind2="#"><subfield code="5">315555245:22065268601</subfield><subfield code="b">315555245</subfield><subfield code="j">f</subfield></datafield><datafield tag="955" ind1="4" ind2="1"><subfield code="5">315555245:22065268601</subfield><subfield code="j">jun</subfield><subfield code="i">1972</subfield><subfield code="j">avr</subfield><subfield code="i">1982</subfield><subfield code="w">Lacunes</subfield><subfield code="r">(jun-1972) - (avr-1982) [Lacunes]</subfield></datafield><datafield tag="940" ind1=" " ind2=" "><subfield code="5">315555245:22065268601</subfield><subfield code="a">20050105</subfield><subfield code="b">xF</subfield></datafield><datafield tag="941" ind1=" " ind2=" "><subfield code="5">315555245:22065268601</subfield><subfield code="a">20050105</subfield><subfield code="b">12:42:09.000</subfield></datafield></record>