<record><leader>     cas0 22        450 </leader><controlfield tag="001">037965387</controlfield><controlfield tag="002">12,24,35,39,50,51,57,59,63,72,74,90,156,190,200,201,202,203,204,206,207,209,215,219,220,222,223,224,226,227,228,229,230,231,232,233,408,412,414,418,420,427,428,431</controlfield><controlfield tag="003">https://www.sudoc.fr/037965387</controlfield><controlfield tag="004">19850412</controlfield><controlfield tag="005">20250821141451.000</controlfield><controlfield tag="006">9999</controlfield><controlfield tag="007">751132102</controlfield><controlfield tag="008">Abx3</controlfield><datafield tag="011" ind1="#" ind2="#"><subfield code="a">0397-4952</subfield><subfield code="f">0397-4952</subfield></datafield><datafield tag="033" ind1="#" ind2="#"><subfield code="a">https://catalogue.bnf.fr/ark:/12148/cb343804842</subfield><subfield code="2">BNF</subfield><subfield code="d">20191125</subfield></datafield><datafield tag="034" ind1=" " ind2=" "><subfield code="a">OCoLC</subfield><subfield code="0">473875502</subfield></datafield><datafield tag="035" ind1="#" ind2="#"><subfield code="a">ccn0397-4952</subfield></datafield><datafield tag="035" ind1="#" ind2="#"><subfield code="a">issn03974952</subfield></datafield><datafield tag="035" ind1="#" ind2="#"><subfield code="a">FRBNF34380484000000X</subfield><subfield code="d">20230103</subfield></datafield><datafield tag="100" ind1="#" ind2="#"><subfield code="a">19850412b19721976u  y0frey50      ba</subfield><subfield code="Y">0#</subfield><subfield code="A">1972</subfield><subfield code="B">1976</subfield></datafield><datafield tag="101" ind1="0" ind2="#"><subfield code="a">fre</subfield><subfield code="2">639-2</subfield></datafield><datafield tag="102" ind1="#" ind2="#"><subfield code="a">FR</subfield></datafield><datafield tag="104" ind1="#" ind2="#"><subfield code="a">u</subfield><subfield code="b">y</subfield><subfield code="c">y</subfield><subfield code="d">ba</subfield><subfield code="e">0</subfield><subfield code="f">fre</subfield></datafield><datafield tag="106" ind1="#" ind2="#"><subfield code="a">r</subfield></datafield><datafield tag="110" ind1="#" ind2="#"><subfield code="a">jg@z@@@@@@@</subfield></datafield><datafield tag="181" ind1="#" ind2="#"><subfield code="6">z01</subfield><subfield code="c">txt</subfield><subfield code="2">rdacontent</subfield></datafield><datafield tag="181" ind1="#" ind2="1"><subfield code="6">z01</subfield><subfield code="a">i#</subfield><subfield code="b">xxxe##</subfield></datafield><datafield tag="182" ind1="#" ind2="#"><subfield code="6">z01</subfield><subfield code="c">n</subfield><subfield code="2">rdamedia</subfield></datafield><datafield tag="182" ind1="#" ind2="1"><subfield code="6">z01</subfield><subfield code="a">n</subfield></datafield><datafield tag="183" ind1="#" ind2="#"><subfield code="6">z01</subfield><subfield code="a">nga</subfield><subfield code="2">RDAfrCarrier</subfield></datafield><datafield tag="200" ind1="1" ind2="#"><subfield code="a">Art press</subfield><subfield code="f">Catherine Millet</subfield></datafield><datafield tag="207" ind1="#" ind2="1"><subfield code="a">N.1(1972,déc.)-n.22 (1976,janv./fév.)</subfield></datafield><datafield tag="210" ind1="#" ind2="#"><subfield code="a">Paris</subfield><subfield code="c">Art press</subfield><subfield code="d">1972-1976</subfield></datafield><datafield tag="215" ind1="#" ind2="#"><subfield code="d">30 cm</subfield></datafield><datafield tag="316" ind1="#" ind2="#"><subfield code="5">674825119:564484091</subfield><subfield code="a">HEARNUM_3_97836</subfield></datafield><datafield tag="317" ind1="#" ind2="#"><subfield code="5">751055228:548853770</subfield><subfield code="a">Legs Jean Bélias</subfield></datafield><datafield tag="319" ind1="#" ind2="#"><subfield code="5">130555109:513528415</subfield><subfield code="a">Les numéros avant 1990 sont consultables sur place</subfield></datafield><datafield tag="326" ind1="#" ind2="#"><subfield code="a">Bimestriel</subfield></datafield><datafield tag="440" ind1="#" ind2="#"><subfield code="0">037965395</subfield><subfield code="t">Art press international</subfield><subfield code="x">0397-4960</subfield></datafield><datafield tag="530" ind1="1" ind2="#"><subfield code="a">Art press</subfield><subfield code="b">(1972)</subfield></datafield><datafield tag="531" ind1="#" ind2="#"><subfield code="a">Art press</subfield><subfield code="b">(1972)</subfield></datafield><datafield tag="606" ind1="#" ind2="#"><subfield code="3">027269302</subfield><subfield code="a">Art</subfield><subfield code="2">rameau</subfield></datafield><datafield tag="608" ind1="#" ind2="#"><subfield code="3">02724640X</subfield><subfield code="a">Périodique</subfield><subfield code="2">rameau</subfield></datafield><datafield tag="675" ind1="#" ind2="#"><subfield code="a">7</subfield></datafield><datafield tag="676" ind1="#" ind2="#"><subfield code="a">700</subfield></datafield><datafield tag="676" ind1="#" ind2="#"><subfield code="a">709</subfield></datafield><datafield tag="676" ind1="#" ind2="#"><subfield code="a">705</subfield></datafield><datafield tag="680" ind1="#" ind2="#"><subfield code="a">NX2</subfield></datafield><datafield tag="686" ind1="#" ind2="#"><subfield code="a">AA3080</subfield></datafield><datafield tag="700" ind1="#" ind2="1"><subfield code="3">027030091</subfield><subfield code="a">Millet</subfield><subfield code="b">Catherine</subfield><subfield code="f">1948-....</subfield><subfield code="4">651</subfield></datafield><datafield tag="801" ind1="#" ind2="3"><subfield code="a">FR</subfield><subfield code="b">Abes</subfield><subfield code="c">20250821</subfield><subfield code="g">AFNOR</subfield></datafield><datafield tag="801" ind1="#" ind2="0"><subfield code="a">FR</subfield><subfield code="b">FR-751131015</subfield><subfield code="c">19850412</subfield><subfield code="g">AFNOR</subfield><subfield code="2">intermrc</subfield></datafield><datafield tag="801" ind1="#" ind2="3"><subfield code="a">FR</subfield><subfield code="b">ISSN France</subfield><subfield code="c">20230228</subfield></datafield><datafield tag="802" ind1="#" ind2="#"><subfield code="a">07</subfield></datafield><datafield tag="830" ind1="#" ind2="#"><subfield code="a">Réforme Rameau Genre-Forme retro périos (ne pas supprimer)</subfield></datafield><datafield tag="930" ind1="#" ind2="#"><subfield code="5">315555245:22054964801</subfield><subfield code="b">315555245</subfield><subfield code="j">f</subfield></datafield><datafield tag="955" ind1="4" ind2="1"><subfield code="5">315555245:22054964801</subfield><subfield code="b">1</subfield><subfield code="i">1973</subfield><subfield code="b">3</subfield><subfield code="i">1973</subfield></datafield><datafield tag="955" ind1="4" ind2="1"><subfield code="5">315555245:22054964801</subfield><subfield code="b">6</subfield><subfield code="i">1973</subfield><subfield code="b">7</subfield><subfield code="i">1973</subfield></datafield><datafield tag="955" ind1="4" ind2="1"><subfield code="5">315555245:22054964801</subfield><subfield code="b">21</subfield><subfield code="i">1975</subfield><subfield code="b">22</subfield><subfield code="i">1976</subfield><subfield code="r">no. 1 (1973) - no. 3  (1973) ; no. 6 (1973) - no. 7  (1973) ; no. 21 (1975) - no. 22  (1976)</subfield></datafield><datafield tag="940" ind1=" " ind2=" "><subfield code="5">315555245:22054964801</subfield><subfield code="a">20050104</subfield><subfield code="b">xF</subfield></datafield><datafield tag="941" ind1=" " ind2=" "><subfield code="5">315555245:22054964801</subfield><subfield code="a">20050104</subfield><subfield code="b">09:59:26.000</subfield></datafield></record>