<record><leader>     cas0 22        450 </leader><controlfield tag="001">037965395</controlfield><controlfield tag="002">4,24,27,35,39,45,50,51,57,59,63,68,72,74,75,80,83,90,119,146,167,170,173,200,201,203,204,206,207,209,215,219,220,221,222,223,224,226,227,228,229,230,231,232,233,412,414,418,420,427,428,431</controlfield><controlfield tag="003">https://www.sudoc.fr/037965395</controlfield><controlfield tag="004">19850412</controlfield><controlfield tag="005">20230301034116.000</controlfield><controlfield tag="006">9999</controlfield><controlfield tag="007">1999</controlfield><controlfield tag="008">Abx3</controlfield><datafield tag="011" ind1="#" ind2="#"><subfield code="a">0397-4960</subfield><subfield code="f">0397-4960</subfield></datafield><datafield tag="033" ind1="#" ind2="#"><subfield code="a">https://catalogue.bnf.fr/ark:/12148/cb34380485d</subfield><subfield code="2">BNF</subfield><subfield code="d">20191125</subfield></datafield><datafield tag="034" ind1=" " ind2=" "><subfield code="a">OCoLC</subfield><subfield code="0">73251153</subfield></datafield><datafield tag="035" ind1="#" ind2="#"><subfield code="a">ccn0397-4960</subfield></datafield><datafield tag="035" ind1="#" ind2="#"><subfield code="a">issn03974960</subfield></datafield><datafield tag="035" ind1="#" ind2="#"><subfield code="a">FRBNF343804850000007</subfield><subfield code="d">20230228</subfield></datafield><datafield tag="035" ind1="#" ind2="#"><subfield code="1">418</subfield><subfield code="a">58275</subfield></datafield><datafield tag="100" ind1="#" ind2="#"><subfield code="a">19850412b19761979u  y0frey50      ba</subfield><subfield code="Y">0#</subfield><subfield code="A">1976</subfield><subfield code="B">1979</subfield></datafield><datafield tag="101" ind1="0" ind2="#"><subfield code="a">fre</subfield><subfield code="2">639-2</subfield></datafield><datafield tag="102" ind1="#" ind2="#"><subfield code="a">FR</subfield></datafield><datafield tag="104" ind1="#" ind2="#"><subfield code="a">u</subfield><subfield code="b">y</subfield><subfield code="c">y</subfield><subfield code="d">ba</subfield><subfield code="e">0</subfield><subfield code="f">fre</subfield></datafield><datafield tag="106" ind1="#" ind2="#"><subfield code="a">r</subfield></datafield><datafield tag="110" ind1="#" ind2="#"><subfield code="a">aga||||0||0</subfield></datafield><datafield tag="181" ind1="#" ind2="#"><subfield code="6">z01</subfield><subfield code="c">txt</subfield><subfield code="2">rdacontent</subfield></datafield><datafield tag="181" ind1="#" ind2="1"><subfield code="6">z01</subfield><subfield code="a">i#</subfield><subfield code="b">xxxe##</subfield></datafield><datafield tag="182" ind1="#" ind2="#"><subfield code="6">z01</subfield><subfield code="c">n</subfield><subfield code="2">rdamedia</subfield></datafield><datafield tag="182" ind1="#" ind2="1"><subfield code="6">z01</subfield><subfield code="a">n</subfield></datafield><datafield tag="183" ind1="#" ind2="#"><subfield code="6">z01</subfield><subfield code="a">nga</subfield><subfield code="2">RDAfrCarrier</subfield></datafield><datafield tag="200" ind1="1" ind2="#"><subfield code="a">Art press international</subfield><subfield code="f">Catherine Millet</subfield></datafield><datafield tag="207" ind1="#" ind2="0"><subfield code="a">N.1, 1976 - n.33, 1979</subfield></datafield><datafield tag="214" ind1="#" ind2="0"><subfield code="a">Paris</subfield><subfield code="c">Europrom</subfield><subfield code="d">1976-1979</subfield></datafield><datafield tag="215" ind1="#" ind2="#"><subfield code="d">32 cm</subfield></datafield><datafield tag="316" ind1="#" ind2="#"><subfield code="5">674825119:738600768</subfield><subfield code="a">HEARNUM_3_96584</subfield></datafield><datafield tag="319" ind1="#" ind2="#"><subfield code="5">130555109:513530487</subfield><subfield code="a">Les numéros avant 1990 sont consultables sur place</subfield></datafield><datafield tag="326" ind1="#" ind2="#"><subfield code="a">Bimestriel</subfield></datafield><datafield tag="421" ind1="#" ind2="#"><subfield code="0">039370232</subfield><subfield code="t">Le Narraté libérateur</subfield><subfield code="x">0242-0198</subfield></datafield><datafield tag="430" ind1="#" ind2="#"><subfield code="0">037965387</subfield><subfield code="t">Art press (1972)</subfield><subfield code="x">0397-4952</subfield></datafield><datafield tag="440" ind1="#" ind2="#"><subfield code="0">039388077</subfield><subfield code="t">Art press (1980)</subfield><subfield code="x">0245-5676</subfield></datafield><datafield tag="530" ind1="0" ind2="#"><subfield code="a">Art press international</subfield></datafield><datafield tag="531" ind1="#" ind2="#"><subfield code="a">Art press int.</subfield></datafield><datafield tag="606" ind1="#" ind2="#"><subfield code="3">027269302</subfield><subfield code="a">Art</subfield><subfield code="2">rameau</subfield></datafield><datafield tag="608" ind1="#" ind2="#"><subfield code="3">02724640X</subfield><subfield code="a">Périodique</subfield><subfield code="2">rameau</subfield></datafield><datafield tag="675" ind1="#" ind2="#"><subfield code="a">7</subfield></datafield><datafield tag="676" ind1="#" ind2="#"><subfield code="a">700</subfield></datafield><datafield tag="676" ind1="#" ind2="#"><subfield code="a">709</subfield></datafield><datafield tag="676" ind1="#" ind2="#"><subfield code="a">705</subfield><subfield code="v">23</subfield></datafield><datafield tag="680" ind1="#" ind2="#"><subfield code="a">NX2</subfield></datafield><datafield tag="700" ind1="#" ind2="1"><subfield code="3">027030091</subfield><subfield code="a">Millet</subfield><subfield code="b">Catherine</subfield><subfield code="f">1948-....</subfield><subfield code="4">651</subfield></datafield><datafield tag="801" ind1="#" ind2="3"><subfield code="a">FR</subfield><subfield code="b">Abes</subfield><subfield code="c">20230301</subfield><subfield code="g">AFNOR</subfield></datafield><datafield tag="801" ind1="#" ind2="0"><subfield code="a">FR</subfield><subfield code="b">FR-751131015</subfield><subfield code="c">19850412</subfield><subfield code="g">AFNOR</subfield><subfield code="2">intermrc</subfield></datafield><datafield tag="801" ind1="#" ind2="3"><subfield code="a">FR</subfield><subfield code="b">ISSN France</subfield><subfield code="c">20230228</subfield></datafield><datafield tag="802" ind1="#" ind2="#"><subfield code="a">07</subfield></datafield><datafield tag="830" ind1="#" ind2="#"><subfield code="a">Réforme Rameau Genre-Forme retro périos (ne pas supprimer)</subfield></datafield><datafield tag="930" ind1="#" ind2="#"><subfield code="5">315555245:22058618701</subfield><subfield code="b">315555245</subfield><subfield code="j">f</subfield></datafield><datafield tag="955" ind1="4" ind2="1"><subfield code="5">315555245:22058618701</subfield><subfield code="b">2</subfield><subfield code="i">1976</subfield></datafield><datafield tag="955" ind1="4" ind2="1"><subfield code="5">315555245:22058618701</subfield><subfield code="b">4</subfield><subfield code="i">1977</subfield></datafield><datafield tag="955" ind1="4" ind2="1"><subfield code="5">315555245:22058618701</subfield><subfield code="b">6</subfield><subfield code="i">1977</subfield></datafield><datafield tag="955" ind1="4" ind2="1"><subfield code="5">315555245:22058618701</subfield><subfield code="b">14</subfield><subfield code="i">1978</subfield></datafield><datafield tag="955" ind1="4" ind2="1"><subfield code="5">315555245:22058618701</subfield><subfield code="b">19</subfield><subfield code="i">1978</subfield></datafield><datafield tag="955" ind1="4" ind2="1"><subfield code="5">315555245:22058618701</subfield><subfield code="b">25</subfield><subfield code="i">1979</subfield></datafield><datafield tag="955" ind1="4" ind2="1"><subfield code="5">315555245:22058618701</subfield><subfield code="b">29</subfield><subfield code="i">1979</subfield><subfield code="r">no. 2 (1976) ; no. 4 (1977) ; no. 6 (1977) ; no. 14 (1978) ; no. 19 (1978) ; no. 25 (1979) ; no. 29 (1979)</subfield></datafield><datafield tag="940" ind1=" " ind2=" "><subfield code="5">315555245:22058618701</subfield><subfield code="a">20050104</subfield><subfield code="b">xF</subfield></datafield><datafield tag="941" ind1=" " ind2=" "><subfield code="5">315555245:22058618701</subfield><subfield code="a">20050104</subfield><subfield code="b">14:28:36.000</subfield></datafield></record>