<record><leader>     cas0 22        450 </leader><controlfield tag="001">039674797</controlfield><controlfield tag="002">4,5,6,9,10,12,15,16,18,19,20,21,23,24,25,27,29,31,32,35,36,38,39,40,41,42,45,46,49,50,51,52,53,55,56,57,58,59,61,62,63,66,67,68,70,72,74,75,80,82,83,84,85,90,91,96,102,104,105,107,126,129,138,146,160,161,167,170,173,174,175,178,180,185,200,201,202,203,204,205,206,207,209,210,215,219,220,221,222,223,224,225,226,227,228,229,230,231,232,233,408,412,414,418,420,421,424,427,428,431,432,433</controlfield><controlfield tag="003">https://www.sudoc.fr/039674797</controlfield><controlfield tag="004">19910628</controlfield><controlfield tag="005">20250324140928.000</controlfield><controlfield tag="006">9999</controlfield><controlfield tag="007">352382311</controlfield><controlfield tag="008">Abx3</controlfield><datafield tag="011" ind1="#" ind2="#"><subfield code="a">0757-2271</subfield><subfield code="f">0757-2271</subfield></datafield><datafield tag="033" ind1="#" ind2="#"><subfield code="a">https://catalogue.bnf.fr/ark:/12148/cb343886956</subfield><subfield code="2">BNF</subfield><subfield code="d">20191220</subfield></datafield><datafield tag="033" ind1="#" ind2="#"><subfield code="a">https://reseau-mirabel.info/revue/titre-id/7927</subfield><subfield code="2">Mir@bel</subfield><subfield code="d">20200715</subfield></datafield><datafield tag="034" ind1=" " ind2=" "><subfield code="a">OCoLC</subfield><subfield code="0">9739357</subfield></datafield><datafield tag="035" ind1="#" ind2="#"><subfield code="a">Evry27281</subfield></datafield><datafield tag="035" ind1="#" ind2="#"><subfield code="a">ccn0757-2271</subfield></datafield><datafield tag="035" ind1="#" ind2="#"><subfield code="a">issn07572271</subfield></datafield><datafield tag="035" ind1="#" ind2="#"><subfield code="a">MIR_7927</subfield></datafield><datafield tag="035" ind1="#" ind2="#"><subfield code="1">10</subfield><subfield code="a">75025</subfield></datafield><datafield tag="035" ind1="#" ind2="#"><subfield code="1">18</subfield><subfield code="a">flora471833</subfield></datafield><datafield tag="035" ind1="#" ind2="#"><subfield code="1">21</subfield><subfield code="a">160658</subfield></datafield><datafield tag="035" ind1="#" ind2="#"><subfield code="1">24</subfield><subfield code="a">366019</subfield></datafield><datafield tag="035" ind1="#" ind2="#"><subfield code="1">38</subfield><subfield code="a">IULY28814</subfield></datafield><datafield tag="035" ind1="#" ind2="#"><subfield code="1">63</subfield><subfield code="a">103429</subfield></datafield><datafield tag="035" ind1="#" ind2="#"><subfield code="1">75</subfield><subfield code="a">2</subfield></datafield><datafield tag="035" ind1="#" ind2="#"><subfield code="1">82</subfield><subfield code="a">ALP351873</subfield></datafield><datafield tag="035" ind1="#" ind2="#"><subfield code="1">85</subfield><subfield code="a">190213</subfield></datafield><datafield tag="035" ind1="#" ind2="#"><subfield code="1">105</subfield><subfield code="a">38070</subfield></datafield><datafield tag="035" ind1="#" ind2="#"><subfield code="1">161</subfield><subfield code="a">74831</subfield></datafield><datafield tag="035" ind1="#" ind2="#"><subfield code="1">170</subfield><subfield code="a">75025</subfield></datafield><datafield tag="035" ind1="#" ind2="#"><subfield code="1">170</subfield><subfield code="a">75025</subfield></datafield><datafield tag="035" ind1="#" ind2="#"><subfield code="1">170</subfield><subfield code="a">75025</subfield></datafield><datafield tag="035" ind1="#" ind2="#"><subfield code="1">170</subfield><subfield code="a">75025</subfield></datafield><datafield tag="035" ind1="#" ind2="#"><subfield code="1">170</subfield><subfield code="a">75025</subfield></datafield><datafield tag="035" ind1="#" ind2="#"><subfield code="1">418</subfield><subfield code="a">36455</subfield></datafield><datafield tag="035" ind1="#" ind2="#"><subfield code="1">428</subfield><subfield code="a">76</subfield></datafield><datafield tag="100" ind1="#" ind2="#"><subfield code="a">19910628a19839999m  y0frey50      ba</subfield><subfield code="Y">0#</subfield><subfield code="A">1983</subfield><subfield code="D">1983-...</subfield></datafield><datafield tag="101" ind1="0" ind2="#"><subfield code="a">fre</subfield><subfield code="2">639-2</subfield></datafield><datafield tag="102" ind1="#" ind2="#"><subfield code="a">FR</subfield></datafield><datafield tag="104" ind1="#" ind2="#"><subfield code="a">m</subfield><subfield code="b">y</subfield><subfield code="c">y</subfield><subfield code="d">ba</subfield><subfield code="e">0</subfield><subfield code="f">fre</subfield></datafield><datafield tag="106" ind1="#" ind2="#"><subfield code="a">r</subfield></datafield><datafield tag="110" ind1="#" ind2="#"><subfield code="a">afu||||0uu|</subfield></datafield><datafield tag="181" ind1="#" ind2="#"><subfield code="6">z01</subfield><subfield code="c">txt</subfield><subfield code="2">rdacontent</subfield></datafield><datafield tag="181" ind1="#" ind2="1"><subfield code="6">z01</subfield><subfield code="a">i#</subfield><subfield code="b">xxxe##</subfield></datafield><datafield tag="182" ind1="#" ind2="#"><subfield code="6">z01</subfield><subfield code="c">n</subfield><subfield code="2">rdamedia</subfield></datafield><datafield tag="182" ind1="#" ind2="1"><subfield code="6">z01</subfield><subfield code="a">n</subfield></datafield><datafield tag="183" ind1="#" ind2="#"><subfield code="6">z01</subfield><subfield code="a">nga</subfield><subfield code="2">RDAfrCarrier</subfield></datafield><datafield tag="200" ind1="1" ind2="#"><subfield code="a">Beaux-arts magazine</subfield></datafield><datafield tag="214" ind1="#" ind2="0"><subfield code="a">Levallois-Perret</subfield><subfield code="c">Nuit et Jour</subfield><subfield code="d">1983-</subfield></datafield><datafield tag="214" ind1="#" ind2="0"><subfield code="a">Levallois-Perret</subfield><subfield code="c">Beaux-arts magazine</subfield><subfield code="c">TTM éditions</subfield><subfield code="d">2014-</subfield></datafield><datafield tag="215" ind1="#" ind2="#"><subfield code="c">Couv. et ill. en coul.</subfield><subfield code="d">29 cm</subfield></datafield><datafield tag="300" ind1="#" ind2="#"><subfield code="a">Site de la revue</subfield><subfield code="u">https://www.beauxarts.com/</subfield></datafield><datafield tag="307" ind1="#" ind2="#"><subfield code="a">Avec suppléments irreguliers</subfield></datafield><datafield tag="316" ind1="#" ind2="#"><subfield code="5">674825119:56467947X</subfield><subfield code="a">HEARNUM_3_95643</subfield></datafield><datafield tag="316" ind1="#" ind2="#"><subfield code="5">751132105:214083284</subfield><subfield code="a">Abonnements UPDI</subfield></datafield><datafield tag="316" ind1="#" ind2="#"><subfield code="5">830616201:457162805</subfield><subfield code="a">1989 (73), (1997) 159, (2001) 201, (2006) 270</subfield></datafield><datafield tag="319" ind1="#" ind2="#"><subfield code="5">330635107:414910575</subfield><subfield code="a">Les collections sont inaccesibles jusqu&apos;en 2026 en raison de travaux</subfield></datafield><datafield tag="319" ind1="#" ind2="#"><subfield code="5">130555109:510023150</subfield><subfield code="a">Les numéros avant 1990 sont consultables sur place</subfield></datafield><datafield tag="319" ind1="#" ind2="#"><subfield code="5">751062312:124787207</subfield><subfield code="a">Reproductible</subfield></datafield><datafield tag="326" ind1="#" ind2="#"><subfield code="a">Mensuel</subfield></datafield><datafield tag="421" ind1="#" ind2="#"><subfield code="0">104394137</subfield><subfield code="t">Beaux-arts magazine. Hors-série (Han-gug-pan)</subfield><subfield code="x">1777-3598</subfield></datafield><datafield tag="421" ind1="#" ind2="#"><subfield code="0">104394129</subfield><subfield code="t">Beaux-arts magazine. Hors-série (Deutsche Ausg)</subfield><subfield code="x">1777-358X</subfield></datafield><datafield tag="421" ind1="#" ind2="#"><subfield code="0">104394102</subfield><subfield code="t">Beaux-arts magazine. Hors-série (English ed)</subfield><subfield code="x">1777-3571</subfield></datafield><datafield tag="421" ind1="#" ind2="#"><subfield code="0">078579228</subfield><subfield code="t">Beaux-arts magazine. Hors-série (Ed. brasileira)</subfield><subfield code="x">1766-6031</subfield></datafield><datafield tag="421" ind1="#" ind2="#"><subfield code="0">039936147</subfield><subfield code="t">Beaux-arts. Hors série</subfield><subfield code="x">1158-3207</subfield></datafield><datafield tag="421" ind1="#" ind2="#"><subfield code="0">040025128</subfield><subfield code="t">Beaux-arts. Special issue</subfield><subfield code="x">1169-1131</subfield></datafield><datafield tag="421" ind1="#" ind2="#"><subfield code="0">040005259</subfield><subfield code="t">Beaux arts. Número especial</subfield><subfield code="x">1167-3249</subfield></datafield><datafield tag="421" ind1="#" ind2="#"><subfield code="0">040005232</subfield><subfield code="t">Beaux arts. Sondernummer</subfield><subfield code="x">1167-3230</subfield></datafield><datafield tag="421" ind1="#" ind2="#"><subfield code="0">039963160</subfield><subfield code="t">Beaux-arts. Numero speciale</subfield><subfield code="x">1163-0698</subfield></datafield><datafield tag="423" ind1="#" ind2="#"><subfield code="0">127791280</subfield><subfield code="t">Le Figaro beaux-arts magazine</subfield><subfield code="x">1963-2843</subfield></datafield><datafield tag="423" ind1="#" ind2="#"><subfield code="0">075051923</subfield><subfield code="t">Beaux arts magazine-livres</subfield><subfield code="x">1764-8556</subfield></datafield><datafield tag="423" ind1="#" ind2="#"><subfield code="0">038348373</subfield><subfield code="t">L&apos;Objet d&apos;art (Levallois-Perret)</subfield><subfield code="x">0988-8519</subfield></datafield><datafield tag="423" ind1="#" ind2="#"><subfield code="0">039943631</subfield><subfield code="t">I Grandi musei (Levallois-Perret)</subfield><subfield code="x">1160-0713</subfield></datafield><datafield tag="423" ind1="#" ind2="#"><subfield code="0">039943623</subfield><subfield code="t">Les Grands musées (Levallois-Perret)</subfield><subfield code="x">1160-0705</subfield></datafield><datafield tag="423" ind1="#" ind2="#"><subfield code="0">039943682</subfield><subfield code="t">Collection Beaux arts (Paris)</subfield><subfield code="x">1160-0772</subfield></datafield><datafield tag="423" ind1="#" ind2="#"><subfield code="0">002666456</subfield><subfield code="t">Collection Les Grandes expositions (Levallois-Perret)</subfield><subfield code="x">1160-0764</subfield></datafield><datafield tag="423" ind1="#" ind2="#"><subfield code="0">039943674</subfield><subfield code="t">Die Grossen Museen (Levallois-Perret)</subfield><subfield code="x">1160-0756</subfield></datafield><datafield tag="423" ind1="#" ind2="#"><subfield code="0">039943666</subfield><subfield code="t">Los Grandes museos (Levallois-Perret)</subfield><subfield code="x">1160-0748</subfield></datafield><datafield tag="423" ind1="#" ind2="#"><subfield code="0">039943658</subfield><subfield code="t">The Great museums (Levallois-Perret)</subfield><subfield code="x">1160-073X</subfield></datafield><datafield tag="423" ind1="#" ind2="#"><subfield code="0">040583252</subfield><subfield code="t">Collection 1 monument 1 architecte (English ed)</subfield><subfield code="x">1285-5669</subfield></datafield><datafield tag="423" ind1="#" ind2="#"><subfield code="0">040583244</subfield><subfield code="t">Collection 1 monument 1 architecte (Éd. française)</subfield><subfield code="x">1285-5650</subfield></datafield><datafield tag="517" ind1="#" ind2="#"><subfield code="a">Beaux-arts (Levallois-Perret)</subfield></datafield><datafield tag="530" ind1="1" ind2="#"><subfield code="a">Beaux-arts magazine</subfield><subfield code="b">(Levallois-Perret)</subfield></datafield><datafield tag="531" ind1="#" ind2="#"><subfield code="a">Beaux-arts mag.</subfield><subfield code="b">(Levallois-Perret)</subfield></datafield><datafield tag="606" ind1="#" ind2="#"><subfield code="3">027823563</subfield><subfield code="a">Histoire de l&apos;art</subfield><subfield code="2">rameau</subfield></datafield><datafield tag="606" ind1="#" ind2="#"><subfield code="3">027269418</subfield><subfield code="a">Art</subfield><subfield code="z">20e siècle</subfield><subfield code="2">rameau</subfield></datafield><datafield tag="606" ind1="#" ind2="#"><subfield code="3">027269302</subfield><subfield code="a">Art</subfield><subfield code="3">050665391</subfield><subfield code="z">2000-....</subfield><subfield code="2">rameau</subfield></datafield><datafield tag="606" ind1="#" ind2="#"><subfield code="3">027269302</subfield><subfield code="a">Art</subfield><subfield code="2">rameau</subfield></datafield><datafield tag="606" ind1="#" ind2="#"><subfield code="1">178</subfield><subfield code="a">Urbanisme</subfield><subfield code="2">CAPA</subfield></datafield><datafield tag="608" ind1="#" ind2="#"><subfield code="3">02724640X</subfield><subfield code="a">Périodique</subfield><subfield code="2">rameau</subfield></datafield><datafield tag="675" ind1="#" ind2="#"><subfield code="a">7</subfield></datafield><datafield tag="676" ind1="#" ind2="#"><subfield code="a">705</subfield></datafield><datafield tag="680" ind1="#" ind2="#"><subfield code="a">N1</subfield></datafield><datafield tag="801" ind1="#" ind2="3"><subfield code="a">FR</subfield><subfield code="b">Abes</subfield><subfield code="c">20250324</subfield><subfield code="g">AFNOR</subfield></datafield><datafield tag="801" ind1="#" ind2="3"><subfield code="a">FR</subfield><subfield code="b">ISSN</subfield><subfield code="c">20131112</subfield></datafield><datafield tag="802" ind1="#" ind2="#"><subfield code="a">07</subfield></datafield><datafield tag="830" ind1="#" ind2="#"><subfield code="a">Réforme Rameau Genre-Forme retro périos (ne pas supprimer)</subfield></datafield><datafield tag="930" ind1="#" ind2="#"><subfield code="5">315555245:22214924801</subfield><subfield code="b">315555245</subfield><subfield code="z">PCMP</subfield><subfield code="p">Pôle de conservation</subfield><subfield code="j">f</subfield></datafield><datafield tag="955" ind1="4" ind2="1"><subfield code="5">315555245:22214924801</subfield><subfield code="b">1</subfield><subfield code="i">1983</subfield><subfield code="b">235</subfield><subfield code="i">2003</subfield></datafield><datafield tag="955" ind1="4" ind2="1"><subfield code="5">315555245:22214924801</subfield><subfield code="b">238</subfield><subfield code="i">2004</subfield><subfield code="i"/><subfield code="j"/><subfield code="k"/><subfield code="a"/><subfield code="b"/><subfield code="c"/><subfield code="r">no. 1 (1983) - no. 235  (2003) ; no. 238 (2004)-....</subfield></datafield><datafield tag="940" ind1=" " ind2=" "><subfield code="5">315555245:22214924801</subfield><subfield code="a">20050131</subfield><subfield code="b">xO</subfield></datafield><datafield tag="941" ind1=" " ind2=" "><subfield code="5">315555245:22214924801</subfield><subfield code="a">20240315</subfield><subfield code="b">11:28:59.000</subfield></datafield></record>