<record><leader>     cas0 22        450 </leader><controlfield tag="001">039826309</controlfield><controlfield tag="002">4,12,15,16,24,27,35,36,41,42,45,50,51,55,56,61,62,63,67,72,74,75,80,90,102,170,178,201,202,204,205,206,215,220,222,223,224,226,227,228,229,232,233,408,414,418,428,431</controlfield><controlfield tag="003">https://www.sudoc.fr/039826309</controlfield><controlfield tag="004">19880127</controlfield><controlfield tag="005">20250401114336.000</controlfield><controlfield tag="006">9999</controlfield><controlfield tag="007">751063001</controlfield><controlfield tag="008">Abx3</controlfield><datafield tag="011" ind1="#" ind2="#"><subfield code="a">0985-1267</subfield><subfield code="f">0985-1267</subfield></datafield><datafield tag="033" ind1="#" ind2="#"><subfield code="a">https://catalogue.bnf.fr/ark:/12148/cb344048312</subfield><subfield code="2">BNF</subfield><subfield code="d">20191219</subfield></datafield><datafield tag="034" ind1=" " ind2=" "><subfield code="a">OCoLC</subfield><subfield code="0">436562747</subfield></datafield><datafield tag="035" ind1="#" ind2="#"><subfield code="a">ccn0985-1267</subfield><subfield code="z">ccn7114/3076</subfield></datafield><datafield tag="035" ind1="#" ind2="#"><subfield code="a">issn09851267</subfield></datafield><datafield tag="035" ind1="#" ind2="#"><subfield code="1">170</subfield><subfield code="a">755035</subfield></datafield><datafield tag="035" ind1="#" ind2="#"><subfield code="1">418</subfield><subfield code="a">32875</subfield></datafield><datafield tag="100" ind1="#" ind2="#"><subfield code="a">19880127b19822005m  y0frey50      ba</subfield><subfield code="Y">0#</subfield><subfield code="A">1982</subfield><subfield code="B">2005</subfield></datafield><datafield tag="101" ind1="0" ind2="#"><subfield code="a">fre</subfield><subfield code="2">639-2</subfield></datafield><datafield tag="102" ind1="#" ind2="#"><subfield code="a">FR</subfield></datafield><datafield tag="104" ind1="#" ind2="#"><subfield code="a">m</subfield><subfield code="b">y</subfield><subfield code="c">y</subfield><subfield code="d">ba</subfield><subfield code="e">0</subfield><subfield code="f">fre</subfield></datafield><datafield tag="106" ind1="#" ind2="#"><subfield code="a">r</subfield></datafield><datafield tag="110" ind1="#" ind2="#"><subfield code="a">aku||||0uu|</subfield></datafield><datafield tag="181" ind1="#" ind2="#"><subfield code="6">z01</subfield><subfield code="c">txt</subfield><subfield code="2">rdacontent</subfield></datafield><datafield tag="181" ind1="#" ind2="#"><subfield code="6">z02</subfield><subfield code="c">sti</subfield><subfield code="2">rdacontent</subfield></datafield><datafield tag="181" ind1="#" ind2="1"><subfield code="6">z01</subfield><subfield code="a">i#</subfield><subfield code="b">xxxe##</subfield></datafield><datafield tag="181" ind1="#" ind2="1"><subfield code="6">z02</subfield><subfield code="a">b#</subfield><subfield code="b">xb2e##</subfield></datafield><datafield tag="182" ind1="#" ind2="#"><subfield code="6">z01</subfield><subfield code="6">z02</subfield><subfield code="c">n</subfield><subfield code="2">rdamedia</subfield></datafield><datafield tag="182" ind1="#" ind2="1"><subfield code="6">z01</subfield><subfield code="6">z02</subfield><subfield code="a">n</subfield></datafield><datafield tag="183" ind1="#" ind2="#"><subfield code="6">z01</subfield><subfield code="6">z02</subfield><subfield code="a">nga</subfield><subfield code="2">RDAfrCarrier</subfield></datafield><datafield tag="200" ind1="1" ind2="#"><subfield code="a">Art press</subfield><subfield code="i">Hors-série</subfield></datafield><datafield tag="207" ind1="#" ind2="0"><subfield code="a">N° 1(1982,juin/juil.août)-[n° 26(2005,mai)]</subfield></datafield><datafield tag="214" ind1="#" ind2="0"><subfield code="a">Paris</subfield><subfield code="c">Art press</subfield><subfield code="d">1982-2005</subfield></datafield><datafield tag="316" ind1="#" ind2="#"><subfield code="5">674825119:738600881</subfield><subfield code="a">HEARNUM_3_97202</subfield></datafield><datafield tag="317" ind1="#" ind2="#"><subfield code="5">751165107:822659832</subfield><subfield code="a">Don Centre d&apos;archives, avril 2024</subfield></datafield><datafield tag="319" ind1="#" ind2="#"><subfield code="5">751062312:221301267</subfield><subfield code="a">Reproductible</subfield></datafield><datafield tag="326" ind1="#" ind2="#"><subfield code="a">Annuel</subfield></datafield><datafield tag="423" ind1="#" ind2="#"><subfield code="0">039388077</subfield><subfield code="t">Art press (1980)</subfield><subfield code="x">0245-5676</subfield></datafield><datafield tag="423" ind1="#" ind2="#"><subfield code="0">04888457X</subfield><subfield code="t">Art press plus</subfield><subfield code="x">1620-7769</subfield></datafield><datafield tag="440" ind1="#" ind2="#"><subfield code="0">102411182</subfield><subfield code="t">Art press 2</subfield><subfield code="x">1951-0578</subfield></datafield><datafield tag="517" ind1="#" ind2="#"><subfield code="a">Art press spécial</subfield></datafield><datafield tag="530" ind1="1" ind2="#"><subfield code="a">Art press. Hors série</subfield><subfield code="b">(1980)</subfield></datafield><datafield tag="531" ind1="#" ind2="#"><subfield code="a">Art press, Hors série</subfield><subfield code="b">(1980)</subfield></datafield><datafield tag="606" ind1="#" ind2="#"><subfield code="3">027269302</subfield><subfield code="a">Art</subfield><subfield code="2">rameau</subfield></datafield><datafield tag="606" ind1="#" ind2="#"><subfield code="1">178</subfield><subfield code="a">Architecture</subfield><subfield code="2">CAPA</subfield></datafield><datafield tag="608" ind1="#" ind2="#"><subfield code="3">02724640X</subfield><subfield code="a">Périodique</subfield><subfield code="2">rameau</subfield></datafield><datafield tag="675" ind1="#" ind2="#"><subfield code="a">7</subfield></datafield><datafield tag="676" ind1="#" ind2="#"><subfield code="a">700</subfield></datafield><datafield tag="676" ind1="#" ind2="#"><subfield code="a">709</subfield></datafield><datafield tag="676" ind1="#" ind2="#"><subfield code="a">705</subfield></datafield><datafield tag="680" ind1="#" ind2="#"><subfield code="a">NX1 .A695</subfield></datafield><datafield tag="801" ind1="#" ind2="3"><subfield code="a">FR</subfield><subfield code="b">Abes</subfield><subfield code="c">20250401</subfield><subfield code="g">AFNOR</subfield></datafield><datafield tag="801" ind1="#" ind2="3"><subfield code="a">FR</subfield><subfield code="b">ISSN</subfield><subfield code="c">20140918</subfield></datafield><datafield tag="802" ind1="#" ind2="#"><subfield code="a">07</subfield></datafield><datafield tag="830" ind1="#" ind2="#"><subfield code="a">Réforme Rameau Genre-Forme retro périos (ne pas supprimer)</subfield></datafield><datafield tag="930" ind1="#" ind2="#"><subfield code="5">315555245:22064578701</subfield><subfield code="b">315555245</subfield><subfield code="j">f</subfield></datafield><datafield tag="955" ind1="4" ind2="1"><subfield code="5">315555245:22064578701</subfield><subfield code="b">1</subfield><subfield code="i">1982</subfield></datafield><datafield tag="955" ind1="4" ind2="1"><subfield code="5">315555245:22064578701</subfield><subfield code="b">8</subfield><subfield code="i">1987</subfield></datafield><datafield tag="955" ind1="4" ind2="1"><subfield code="5">315555245:22064578701</subfield><subfield code="b">11</subfield><subfield code="i">1990</subfield></datafield><datafield tag="955" ind1="4" ind2="1"><subfield code="5">315555245:22064578701</subfield><subfield code="b">13</subfield><subfield code="i">1992</subfield></datafield><datafield tag="955" ind1="4" ind2="1"><subfield code="5">315555245:22064578701</subfield><subfield code="b">15</subfield><subfield code="i">1994</subfield><subfield code="b">19</subfield><subfield code="i">1998</subfield></datafield><datafield tag="955" ind1="4" ind2="1"><subfield code="5">315555245:22064578701</subfield><subfield code="j">nov</subfield><subfield code="i">1999</subfield></datafield><datafield tag="955" ind1="4" ind2="1"><subfield code="5">315555245:22064578701</subfield><subfield code="j">oct</subfield><subfield code="i">2000</subfield></datafield><datafield tag="955" ind1="4" ind2="1"><subfield code="5">315555245:22064578701</subfield><subfield code="b">21</subfield><subfield code="i">2000</subfield></datafield><datafield tag="955" ind1="4" ind2="1"><subfield code="5">315555245:22064578701</subfield><subfield code="j">mai</subfield><subfield code="i">2001</subfield></datafield><datafield tag="955" ind1="4" ind2="1"><subfield code="5">315555245:22064578701</subfield><subfield code="j">avr</subfield><subfield code="i">2002</subfield></datafield><datafield tag="955" ind1="4" ind2="1"><subfield code="5">315555245:22064578701</subfield><subfield code="b">23</subfield><subfield code="i">2002</subfield></datafield><datafield tag="955" ind1="4" ind2="1"><subfield code="5">315555245:22064578701</subfield><subfield code="j">jun</subfield><subfield code="i">2003</subfield><subfield code="i"/><subfield code="j"/><subfield code="k"/><subfield code="a"/><subfield code="b"/><subfield code="c"/><subfield code="r">no. 1 (1982) ; no. 8 (1987) ; no. 11 (1990) ; no. 13 (1992) ; no. 15 (1994) - no. 19  (1998) ; (nov-1999) ; (oct-2000) ; no. 21 (2000) ; (mai-2001) ; (avr-2002) ; no. 23 (2002) ; (jun-2003)-....</subfield></datafield><datafield tag="940" ind1=" " ind2=" "><subfield code="5">315555245:22064578701</subfield><subfield code="a">20050105</subfield><subfield code="b">xO</subfield></datafield><datafield tag="941" ind1=" " ind2=" "><subfield code="5">315555245:22064578701</subfield><subfield code="a">20050105</subfield><subfield code="b">11:40:52.000</subfield></datafield></record>