<record><leader>     cas0 22        450 </leader><controlfield tag="001">039924351</controlfield><controlfield tag="002">4,15,21,35,49,50,51,63,67,75,90,102,201,202,203,204,206,207,209,215,219,220,222,223,224,225,226,227,228,229,230,231,232,233,408,412,414,418,427,431</controlfield><controlfield tag="003">https://www.sudoc.fr/039924351</controlfield><controlfield tag="004">19920603</controlfield><controlfield tag="005">20250107180136.000</controlfield><controlfield tag="006">9999</controlfield><controlfield tag="007">1999</controlfield><controlfield tag="008">Abx3</controlfield><datafield tag="011" ind1="#" ind2="#"><subfield code="a">1155-1240</subfield><subfield code="f">1155-1240</subfield></datafield><datafield tag="033" ind1="#" ind2="#"><subfield code="a">https://catalogue.bnf.fr/ark:/12148/cb344465306</subfield><subfield code="2">BNF</subfield><subfield code="d">20191112</subfield></datafield><datafield tag="034" ind1=" " ind2=" "><subfield code="a">OCoLC</subfield><subfield code="0">473309669</subfield></datafield><datafield tag="035" ind1="#" ind2="#"><subfield code="a">Evry33979</subfield></datafield><datafield tag="035" ind1="#" ind2="#"><subfield code="a">ccn1155-1240</subfield></datafield><datafield tag="035" ind1="#" ind2="#"><subfield code="a">issn11551240</subfield></datafield><datafield tag="035" ind1="#" ind2="#"><subfield code="a">FRBNF34446530000000X</subfield><subfield code="d">20231205</subfield></datafield><datafield tag="035" ind1="#" ind2="#"><subfield code="1">21</subfield><subfield code="a">517181</subfield></datafield><datafield tag="035" ind1="#" ind2="#"><subfield code="1">418</subfield><subfield code="a">36398</subfield></datafield><datafield tag="100" ind1="#" ind2="#"><subfield code="a">19920603b19902000u  y0frey50      ba</subfield><subfield code="Y">0#</subfield><subfield code="A">1990</subfield><subfield code="B">2000</subfield></datafield><datafield tag="101" ind1="0" ind2="#"><subfield code="a">fre</subfield><subfield code="g">fre</subfield><subfield code="2">639-2</subfield></datafield><datafield tag="102" ind1="#" ind2="#"><subfield code="a">FR</subfield></datafield><datafield tag="104" ind1="#" ind2="#"><subfield code="a">u</subfield><subfield code="b">y</subfield><subfield code="c">y</subfield><subfield code="d">ba</subfield><subfield code="e">0</subfield><subfield code="f">fre</subfield></datafield><datafield tag="106" ind1="#" ind2="#"><subfield code="a">r</subfield></datafield><datafield tag="110" ind1="#" ind2="#"><subfield code="a">agu||||@uu|</subfield></datafield><datafield tag="181" ind1="#" ind2="#"><subfield code="6">z01</subfield><subfield code="c">txt</subfield><subfield code="2">rdacontent</subfield></datafield><datafield tag="181" ind1="#" ind2="#"><subfield code="6">z02</subfield><subfield code="c">sti</subfield><subfield code="2">rdacontent</subfield></datafield><datafield tag="181" ind1="#" ind2="1"><subfield code="6">z01</subfield><subfield code="a">i#</subfield><subfield code="b">xxxe##</subfield></datafield><datafield tag="181" ind1="#" ind2="1"><subfield code="6">z02</subfield><subfield code="a">b#</subfield><subfield code="b">xb2e##</subfield></datafield><datafield tag="182" ind1="#" ind2="#"><subfield code="6">z01</subfield><subfield code="6">z02</subfield><subfield code="c">n</subfield><subfield code="2">rdamedia</subfield></datafield><datafield tag="182" ind1="#" ind2="1"><subfield code="6">z01</subfield><subfield code="6">z02</subfield><subfield code="a">n</subfield></datafield><datafield tag="183" ind1="#" ind2="#"><subfield code="6">z01</subfield><subfield code="6">z02</subfield><subfield code="a">nga</subfield><subfield code="2">RDAfrCarrier</subfield></datafield><datafield tag="200" ind1="1" ind2="#"><subfield code="a">Ninety</subfield></datafield><datafield tag="207" ind1="#" ind2="0"><subfield code="a">N° 1(1990)-n° 36(2000,juil./août)</subfield></datafield><datafield tag="214" ind1="#" ind2="0"><subfield code="a">Paris</subfield><subfield code="c">Eighty magazine</subfield><subfield code="d">1990-2000</subfield></datafield><datafield tag="215" ind1="#" ind2="#"><subfield code="c">Ill. en coul</subfield><subfield code="d">32 cm</subfield></datafield><datafield tag="300" ind1="#" ind2="#"><subfield code="a">Notice réd. d&apos;après le n° 2 (1990,4e trimest.)</subfield></datafield><datafield tag="304" ind1="#" ind2="#"><subfield code="a">Mention parallèle de titre ou de responsabilité : art in the 90&apos;s</subfield></datafield><datafield tag="319" ind1="#" ind2="#"><subfield code="5">751062312:220642753</subfield><subfield code="a">Reproductible</subfield></datafield><datafield tag="326" ind1="#" ind2="#"><subfield code="a">Bimestriel</subfield></datafield><datafield tag="430" ind1="#" ind2="#"><subfield code="0">037808036</subfield><subfield code="t">Eighty (Paris)</subfield><subfield code="x">0294-1880</subfield></datafield><datafield tag="440" ind1="#" ind2="#"><subfield code="0">058921842</subfield><subfield code="t">Twenty (Paris)</subfield><subfield code="x">1631-7904</subfield></datafield><datafield tag="530" ind1="1" ind2="#"><subfield code="a">Ninety</subfield><subfield code="b">(Paris)</subfield></datafield><datafield tag="531" ind1="#" ind2="#"><subfield code="a">Ninety</subfield><subfield code="b">(Paris)</subfield></datafield><datafield tag="606" ind1="#" ind2="#"><subfield code="3">027269418</subfield><subfield code="a">Art</subfield><subfield code="z">20e siècle</subfield><subfield code="2">rameau</subfield></datafield><datafield tag="608" ind1="#" ind2="#"><subfield code="3">02724640X</subfield><subfield code="a">Périodique</subfield><subfield code="2">rameau</subfield></datafield><datafield tag="675" ind1="#" ind2="#"><subfield code="a">7.036</subfield></datafield><datafield tag="675" ind1="#" ind2="#"><subfield code="a">7.01/.09</subfield></datafield><datafield tag="675" ind1="#" ind2="#"><subfield code="a">75</subfield></datafield><datafield tag="676" ind1="#" ind2="#"><subfield code="a">730</subfield></datafield><datafield tag="676" ind1="#" ind2="#"><subfield code="a">705</subfield></datafield><datafield tag="676" ind1="#" ind2="#"><subfield code="a">750</subfield></datafield><datafield tag="676" ind1="#" ind2="#"><subfield code="a">709.04</subfield></datafield><datafield tag="680" ind1="#" ind2="#"><subfield code="a">N6848</subfield></datafield><datafield tag="686" ind1="#" ind2="#"><subfield code="a">750</subfield><subfield code="2">Cadre de classement de la Bibliographie nationale française</subfield></datafield><datafield tag="801" ind1="#" ind2="3"><subfield code="a">FR</subfield><subfield code="b">Abes</subfield><subfield code="c">20250107</subfield><subfield code="g">AFNOR</subfield></datafield><datafield tag="801" ind1="#" ind2="0"><subfield code="a">FR</subfield><subfield code="b">FR-751131015</subfield><subfield code="c">19920603</subfield><subfield code="g">AFNOR</subfield><subfield code="2">intermrc</subfield></datafield><datafield tag="801" ind1="#" ind2="3"><subfield code="a">FR</subfield><subfield code="b">ISSN France</subfield><subfield code="c">20231205</subfield></datafield><datafield tag="802" ind1="#" ind2="#"><subfield code="a">07</subfield></datafield><datafield tag="830" ind1="#" ind2="#"><subfield code="a">Réforme Rameau Genre-Forme retro périos (ne pas supprimer)</subfield></datafield><datafield tag="930" ind1="#" ind2="#"><subfield code="5">315555245:23505027X01</subfield><subfield code="b">315555245</subfield><subfield code="j">f</subfield></datafield><datafield tag="955" ind1="4" ind2="1"><subfield code="5">315555245:23505027X01</subfield><subfield code="b">2</subfield><subfield code="i">1990</subfield><subfield code="b">34</subfield><subfield code="i">1999</subfield></datafield><datafield tag="955" ind1="4" ind2="1"><subfield code="5">315555245:23505027X01</subfield><subfield code="b">36</subfield><subfield code="i">2000</subfield><subfield code="r">no. 2 (1990) - no. 34  (1999) ; no. 36 (2000)</subfield></datafield><datafield tag="940" ind1=" " ind2=" "><subfield code="5">315555245:23505027X01</subfield><subfield code="a">20050628</subfield><subfield code="b">rF</subfield></datafield><datafield tag="941" ind1=" " ind2=" "><subfield code="5">315555245:23505027X01</subfield><subfield code="a">20050628</subfield><subfield code="b">15:57:48.000</subfield></datafield></record>