<record><leader>     cas0 22        450 </leader><controlfield tag="001">040096130</controlfield><controlfield tag="002">4,50,51,63,80,90,200,201,204,215,219,220,222,223,224,226,227,229,230,231,232,233,408,412,414,431</controlfield><controlfield tag="003">https://www.sudoc.fr/040096130</controlfield><controlfield tag="004">19930401</controlfield><controlfield tag="005">20250107180906.000</controlfield><controlfield tag="006">9999</controlfield><controlfield tag="007">1999</controlfield><controlfield tag="008">Abx3</controlfield><datafield tag="011" ind1="#" ind2="#"><subfield code="a">1243-700X</subfield><subfield code="f">1243-700X</subfield></datafield><datafield tag="033" ind1="#" ind2="#"><subfield code="a">https://catalogue.bnf.fr/ark:/12148/cb34458659w</subfield><subfield code="2">BNF</subfield><subfield code="d">20191108</subfield></datafield><datafield tag="034" ind1=" " ind2=" "><subfield code="a">OCoLC</subfield><subfield code="0">58425464</subfield></datafield><datafield tag="035" ind1=" " ind2=" "><subfield code="a">094562660</subfield><subfield code="9">sudoc</subfield></datafield><datafield tag="035" ind1="#" ind2="#"><subfield code="a">ccn1243-700X</subfield></datafield><datafield tag="035" ind1="#" ind2="#"><subfield code="a">issn1243700X</subfield></datafield><datafield tag="035" ind1="#" ind2="#"><subfield code="a">FRBNF344586590000006</subfield><subfield code="d">20240729</subfield></datafield><datafield tag="100" ind1="#" ind2="#"><subfield code="a">19930401b19921999u  y0frey50      ba</subfield><subfield code="Y">0#</subfield><subfield code="A">1992</subfield><subfield code="B">1999</subfield></datafield><datafield tag="101" ind1="0" ind2="#"><subfield code="a">fre</subfield><subfield code="2">639-2</subfield></datafield><datafield tag="102" ind1="#" ind2="#"><subfield code="a">FR</subfield></datafield><datafield tag="104" ind1="#" ind2="#"><subfield code="a">u</subfield><subfield code="b">y</subfield><subfield code="c">y</subfield><subfield code="d">ba</subfield><subfield code="e">0</subfield><subfield code="f">fre</subfield></datafield><datafield tag="106" ind1="#" ind2="#"><subfield code="a">r</subfield></datafield><datafield tag="110" ind1="#" ind2="#"><subfield code="a">aiu||||0uu|</subfield></datafield><datafield tag="181" ind1="#" ind2="#"><subfield code="6">z01</subfield><subfield code="c">txt</subfield><subfield code="2">rdacontent</subfield></datafield><datafield tag="181" ind1="#" ind2="1"><subfield code="6">z01</subfield><subfield code="a">i#</subfield><subfield code="b">xxxe##</subfield></datafield><datafield tag="182" ind1="#" ind2="#"><subfield code="6">z01</subfield><subfield code="c">n</subfield><subfield code="2">rdamedia</subfield></datafield><datafield tag="182" ind1="#" ind2="1"><subfield code="6">z01</subfield><subfield code="a">n</subfield></datafield><datafield tag="183" ind1="#" ind2="#"><subfield code="6">z01</subfield><subfield code="a">nga</subfield><subfield code="2">RDAfrCarrier</subfield></datafield><datafield tag="200" ind1="1" ind2="#"><subfield code="a">Blocnotes</subfield><subfield code="e">art contemporain</subfield><subfield code="f">Daily Museum</subfield></datafield><datafield tag="207" ind1="#" ind2="0"><subfield code="a">N° 1 (1992, automne)-N°  16 (1999, hiver)</subfield></datafield><datafield tag="210" ind1="#" ind2="#"><subfield code="a">Paris</subfield><subfield code="b">53 rue Doudeauville, 75018</subfield><subfield code="c">Daily Museum</subfield><subfield code="d">1992-1999</subfield></datafield><datafield tag="215" ind1="#" ind2="#"><subfield code="d">24 cm</subfield></datafield><datafield tag="300" ind1="#" ind2="#"><subfield code="a">Textes en français et en anglais</subfield></datafield><datafield tag="316" ind1="#" ind2="#"><subfield code="5">674825119:564681113</subfield><subfield code="a">HEARNUM_3_95674</subfield></datafield><datafield tag="326" ind1="#" ind2="#"><subfield code="a">Trimestriel</subfield></datafield><datafield tag="530" ind1="1" ind2="#"><subfield code="a">Blocnotes - Daily Museum</subfield></datafield><datafield tag="531" ind1="#" ind2="#"><subfield code="a">Blocnotes - Daily mus.</subfield></datafield><datafield tag="606" ind1="#" ind2="#"><subfield code="3">033597308</subfield><subfield code="a">Art</subfield><subfield code="z">1990-....</subfield><subfield code="3">131066730</subfield><subfield code="x">Expositions</subfield><subfield code="2">rameau</subfield></datafield><datafield tag="606" ind1="#" ind2="#"><subfield code="3">027269418</subfield><subfield code="a">Art</subfield><subfield code="z">20e siècle</subfield><subfield code="2">rameau</subfield></datafield><datafield tag="608" ind1="#" ind2="#"><subfield code="3">02724640X</subfield><subfield code="a">Périodique</subfield><subfield code="2">rameau</subfield></datafield><datafield tag="675" ind1="#" ind2="#"><subfield code="a">73/75</subfield></datafield><datafield tag="676" ind1="#" ind2="#"><subfield code="a">709.04</subfield></datafield><datafield tag="676" ind1="#" ind2="#"><subfield code="a">730</subfield></datafield><datafield tag="686" ind1="#" ind2="#"><subfield code="a">700</subfield><subfield code="2">Cadre de classement de la Bibliographie nationale française</subfield></datafield><datafield tag="801" ind1="#" ind2="0"><subfield code="a">FR</subfield><subfield code="b">FR-751131015</subfield><subfield code="c">19930401</subfield><subfield code="g">AFNOR</subfield><subfield code="2">intermrc</subfield></datafield><datafield tag="801" ind1="#" ind2="3"><subfield code="a">FR</subfield><subfield code="b">ISSN France</subfield><subfield code="c">20240729</subfield></datafield><datafield tag="802" ind1="#" ind2="#"><subfield code="a">07</subfield></datafield><datafield tag="830" ind1="#" ind2="#"><subfield code="a">Réforme Rameau Genre-Forme retro périos (ne pas supprimer)</subfield></datafield><datafield tag="930" ind1="#" ind2="#"><subfield code="5">315555245:23481131501</subfield><subfield code="b">315555245</subfield><subfield code="j">f</subfield></datafield><datafield tag="955" ind1="4" ind2="1"><subfield code="5">315555245:23481131501</subfield><subfield code="b">1</subfield><subfield code="i">1992</subfield></datafield><datafield tag="955" ind1="4" ind2="1"><subfield code="5">315555245:23481131501</subfield><subfield code="b">3</subfield><subfield code="i">1993</subfield><subfield code="b">9</subfield><subfield code="i">1995</subfield></datafield><datafield tag="955" ind1="4" ind2="1"><subfield code="5">315555245:23481131501</subfield><subfield code="b">11</subfield><subfield code="i">1996</subfield><subfield code="b">17</subfield><subfield code="i">1999</subfield><subfield code="r">no. 1 (1992) ; no. 3 (1993) - no. 9  (1995) ; no. 11 (1996) - no. 17  (1999)</subfield></datafield><datafield tag="940" ind1=" " ind2=" "><subfield code="5">315555245:23481131501</subfield><subfield code="a">20050623</subfield><subfield code="b">rF</subfield></datafield><datafield tag="941" ind1=" " ind2=" "><subfield code="5">315555245:23481131501</subfield><subfield code="a">20050623</subfield><subfield code="b">17:41:44.000</subfield></datafield></record>