<record><leader>     cas0 22        450 </leader><controlfield tag="001">040096440</controlfield><controlfield tag="002">4,39,50,51,61,63,72,90,102,200,201,202,203,204,206,207,209,215,219,222,223,224,226,227,228,229,230,232,233,408,412,414,418</controlfield><controlfield tag="003">https://www.sudoc.fr/040096440</controlfield><controlfield tag="004">19980721</controlfield><controlfield tag="005">20250522034524.000</controlfield><controlfield tag="006">9999</controlfield><controlfield tag="007">1999</controlfield><controlfield tag="008">Abx3</controlfield><datafield tag="011" ind1="#" ind2="#"><subfield code="a">0962-0672</subfield><subfield code="f">0962-0672</subfield></datafield><datafield tag="033" ind1="#" ind2="#"><subfield code="a">https://catalogue.bnf.fr/ark:/12148/cb40058601f</subfield><subfield code="2">BNF</subfield><subfield code="d">20230125</subfield></datafield><datafield tag="034" ind1=" " ind2=" "><subfield code="a">OCoLC</subfield><subfield code="0">749943745</subfield></datafield><datafield tag="035" ind1="#" ind2="#"><subfield code="a">ccn0962-0672</subfield><subfield code="z">ccn7137/7182</subfield></datafield><datafield tag="035" ind1="#" ind2="#"><subfield code="a">issn09620672</subfield></datafield><datafield tag="035" ind1="#" ind2="#"><subfield code="1">418</subfield><subfield code="a">36453</subfield></datafield><datafield tag="100" ind1="#" ind2="#"><subfield code="a">19980721a19919999u  y0frey50      ba</subfield><subfield code="Y">0#</subfield><subfield code="A">1991</subfield><subfield code="D">1991-...</subfield></datafield><datafield tag="101" ind1="0" ind2="#"><subfield code="a">eng</subfield><subfield code="2">639-2</subfield></datafield><datafield tag="102" ind1="#" ind2="#"><subfield code="a">GB</subfield></datafield><datafield tag="104" ind1="#" ind2="#"><subfield code="a">u</subfield><subfield code="b">y</subfield><subfield code="c">y</subfield><subfield code="d">ba</subfield><subfield code="e">0</subfield><subfield code="f">fre</subfield></datafield><datafield tag="106" ind1="#" ind2="#"><subfield code="a">r</subfield></datafield><datafield tag="110" ind1="#" ind2="#"><subfield code="a">afb||||0uu|</subfield></datafield><datafield tag="181" ind1="#" ind2="#"><subfield code="6">z02</subfield><subfield code="c">sti</subfield><subfield code="2">rdacontent</subfield></datafield><datafield tag="181" ind1="#" ind2="#"><subfield code="6">z01</subfield><subfield code="c">txt</subfield><subfield code="2">rdacontent</subfield></datafield><datafield tag="181" ind1="#" ind2="1"><subfield code="6">z02</subfield><subfield code="a">b#</subfield><subfield code="b">xb2e##</subfield></datafield><datafield tag="181" ind1="#" ind2="1"><subfield code="6">z01</subfield><subfield code="a">i#</subfield><subfield code="b">xxxe##</subfield></datafield><datafield tag="182" ind1="#" ind2="#"><subfield code="6">z02</subfield><subfield code="c">n</subfield><subfield code="2">rdamedia</subfield></datafield><datafield tag="182" ind1="#" ind2="#"><subfield code="6">z01</subfield><subfield code="c">n</subfield><subfield code="2">rdamedia</subfield></datafield><datafield tag="182" ind1="#" ind2="1"><subfield code="6">z02</subfield><subfield code="a">n</subfield></datafield><datafield tag="182" ind1="#" ind2="1"><subfield code="6">z01</subfield><subfield code="a">n</subfield></datafield><datafield tag="183" ind1="#" ind2="#"><subfield code="6">z01</subfield><subfield code="6">z02</subfield><subfield code="a">nga</subfield><subfield code="2">RDAfrCarrier</subfield></datafield><datafield tag="200" ind1="1" ind2="#"><subfield code="a">Frieze</subfield></datafield><datafield tag="207" ind1="#" ind2="0"><subfield code="a">Pilot issue (summer 1991)-</subfield></datafield><datafield tag="214" ind1="1" ind2="0"><subfield code="a">[London]</subfield><subfield code="c">Frieze Publishing Ltd</subfield></datafield><datafield tag="214" ind1="#" ind2="0"><subfield code="a">London</subfield><subfield code="c">Frieze Magazine</subfield><subfield code="d">1991-</subfield></datafield><datafield tag="214" ind1="0" ind2="0"><subfield code="a">London</subfield><subfield code="c">Durian</subfield></datafield><datafield tag="316" ind1="#" ind2="#"><subfield code="5">674825119:566034131</subfield><subfield code="a">HEARNUM_3_95459</subfield></datafield><datafield tag="319" ind1="#" ind2="#"><subfield code="5">751062312:220480117</subfield><subfield code="a">Reproductible</subfield></datafield><datafield tag="326" ind1="#" ind2="#"><subfield code="a">Bimestriel</subfield></datafield><datafield tag="423" ind1="#" ind2="#"><subfield code="0">159155134</subfield><subfield code="t">Frieze (Berlin)</subfield><subfield code="x">2193-5386</subfield></datafield><datafield tag="452" ind1="#" ind2="#"><subfield code="0">284986518</subfield><subfield code="t">Frieze (Online)</subfield><subfield code="x">2978-0381</subfield></datafield><datafield tag="488" ind1="#" ind2="#"><subfield code="t">Frieze week</subfield></datafield><datafield tag="530" ind1="1" ind2="#"><subfield code="a">Frieze</subfield><subfield code="b">(London)</subfield></datafield><datafield tag="531" ind1="#" ind2="#"><subfield code="a">Frieze</subfield><subfield code="b">(Lond.)</subfield></datafield><datafield tag="606" ind1="#" ind2="#"><subfield code="3">027269418</subfield><subfield code="a">Art</subfield><subfield code="z">20e siècle</subfield><subfield code="2">rameau</subfield></datafield><datafield tag="606" ind1="#" ind2="#"><subfield code="3">027269302</subfield><subfield code="a">Art</subfield><subfield code="3">050665391</subfield><subfield code="z">2000-....</subfield><subfield code="2">rameau</subfield></datafield><datafield tag="608" ind1="#" ind2="#"><subfield code="3">02724640X</subfield><subfield code="a">Périodique</subfield><subfield code="2">rameau</subfield></datafield><datafield tag="676" ind1="#" ind2="#"><subfield code="a">709.049</subfield></datafield><datafield tag="680" ind1="#" ind2="#"><subfield code="a">N6480</subfield></datafield><datafield tag="801" ind1="#" ind2="3"><subfield code="a">FR</subfield><subfield code="b">Abes</subfield><subfield code="c">20250522</subfield><subfield code="g">AFNOR</subfield></datafield><datafield tag="801" ind1="#" ind2="3"><subfield code="a">FR</subfield><subfield code="b">ISSN</subfield><subfield code="c">20250515</subfield></datafield><datafield tag="802" ind1="#" ind2="#"><subfield code="a">02</subfield></datafield><datafield tag="830" ind1="#" ind2="#"><subfield code="a">Réforme Rameau Genre-Forme retro périos (ne pas supprimer)</subfield></datafield><datafield tag="930" ind1="#" ind2="#"><subfield code="5">315555245:22313130X01</subfield><subfield code="b">315555245</subfield><subfield code="j">f</subfield></datafield><datafield tag="955" ind1="4" ind2="1"><subfield code="5">315555245:22313130X01</subfield><subfield code="b">9</subfield><subfield code="i">1993</subfield><subfield code="b">24</subfield><subfield code="i">1995</subfield></datafield><datafield tag="955" ind1="4" ind2="1"><subfield code="5">315555245:22313130X01</subfield><subfield code="b">26</subfield><subfield code="i">1996</subfield><subfield code="b">32</subfield><subfield code="i">1997</subfield></datafield><datafield tag="955" ind1="4" ind2="1"><subfield code="5">315555245:22313130X01</subfield><subfield code="b">36</subfield><subfield code="i">1997</subfield></datafield><datafield tag="955" ind1="4" ind2="1"><subfield code="5">315555245:22313130X01</subfield><subfield code="b">38</subfield><subfield code="i">1998</subfield><subfield code="b">63</subfield><subfield code="i">2001</subfield></datafield><datafield tag="955" ind1="4" ind2="1"><subfield code="5">315555245:22313130X01</subfield><subfield code="b">65</subfield><subfield code="i">2002</subfield><subfield code="i"/><subfield code="j"/><subfield code="k"/><subfield code="a"/><subfield code="b"/><subfield code="c"/><subfield code="r">no. 9 (1993) - no. 24  (1995) ; no. 26 (1996) - no. 32  (1997) ; no. 36 (1997) ; no. 38 (1998) - no. 63  (2001) ; no. 65 (2002)-....</subfield></datafield><datafield tag="940" ind1=" " ind2=" "><subfield code="5">315555245:22313130X01</subfield><subfield code="a">20050215</subfield><subfield code="b">xO</subfield></datafield><datafield tag="941" ind1=" " ind2=" "><subfield code="5">315555245:22313130X01</subfield><subfield code="a">20050216</subfield><subfield code="b">10:41:46.000</subfield></datafield></record>