<record><leader>     cas0 22        450 </leader><controlfield tag="001">040358216</controlfield><controlfield tag="002">15,35,39,50,51,59,63,72,75,80,90,91,102,126,167,173,185,200,201,203,204,206,207,209,215,219,222,223,224,226,227,229,230,231,232,233,412,414,418,427,431</controlfield><controlfield tag="003">https://www.sudoc.fr/040358216</controlfield><controlfield tag="004">19980902</controlfield><controlfield tag="005">20250626031614.000</controlfield><controlfield tag="006">9999</controlfield><controlfield tag="007">1999</controlfield><controlfield tag="008">Abx3</controlfield><datafield tag="011" ind1="#" ind2="#"><subfield code="a">1086-7058</subfield><subfield code="f">1086-7058</subfield></datafield><datafield tag="033" ind1="#" ind2="#"><subfield code="a">https://catalogue.bnf.fr/ark:/12148/cb375753580</subfield><subfield code="2">BNF</subfield><subfield code="d">20230511</subfield></datafield><datafield tag="033" ind1="#" ind2="#"><subfield code="a">https://reseau-mirabel.info/revue/titre-id/25756</subfield><subfield code="2">Mir@bel</subfield><subfield code="d">20240304</subfield></datafield><datafield tag="034" ind1=" " ind2=" "><subfield code="a">OCoLC</subfield><subfield code="0">20458258</subfield></datafield><datafield tag="035" ind1="#" ind2="#"><subfield code="a">ccn1086-7058</subfield></datafield><datafield tag="035" ind1="#" ind2="#"><subfield code="a">MIR_25756</subfield></datafield><datafield tag="035" ind1="#" ind2="#"><subfield code="a">issn10867058</subfield></datafield><datafield tag="035" ind1="#" ind2="#"><subfield code="1">418</subfield><subfield code="a">36444</subfield></datafield><datafield tag="100" ind1="#" ind2="#"><subfield code="a">19980902a19829999u  y0frey50      ba</subfield><subfield code="Y">0#</subfield><subfield code="A">1982</subfield><subfield code="D">1982-...</subfield></datafield><datafield tag="101" ind1="0" ind2="#"><subfield code="a">eng</subfield><subfield code="2">639-2</subfield></datafield><datafield tag="102" ind1="#" ind2="#"><subfield code="a">US</subfield></datafield><datafield tag="104" ind1="#" ind2="#"><subfield code="a">u</subfield><subfield code="b">y</subfield><subfield code="c">y</subfield><subfield code="d">ba</subfield><subfield code="e">0</subfield><subfield code="f">fre</subfield></datafield><datafield tag="106" ind1="#" ind2="#"><subfield code="a">r</subfield></datafield><datafield tag="110" ind1="#" ind2="#"><subfield code="a">afy||||0uu|</subfield></datafield><datafield tag="181" ind1="#" ind2="#"><subfield code="6">z01</subfield><subfield code="c">txt</subfield><subfield code="2">rdacontent</subfield></datafield><datafield tag="181" ind1="#" ind2="1"><subfield code="6">z01</subfield><subfield code="a">i#</subfield><subfield code="b">xxxe##</subfield></datafield><datafield tag="182" ind1="#" ind2="#"><subfield code="6">z01</subfield><subfield code="c">n</subfield><subfield code="2">rdamedia</subfield></datafield><datafield tag="182" ind1="#" ind2="1"><subfield code="6">z01</subfield><subfield code="a">n</subfield></datafield><datafield tag="183" ind1="#" ind2="#"><subfield code="6">z01</subfield><subfield code="a">ngb</subfield><subfield code="2">RDAfrCarrier</subfield></datafield><datafield tag="200" ind1="1" ind2="#"><subfield code="a">Artforum international</subfield></datafield><datafield tag="207" ind1="#" ind2="0"><subfield code="a">Vol. 20, no. 9 (May. 1982)-</subfield></datafield><datafield tag="214" ind1="#" ind2="0"><subfield code="a">New York, N.Y</subfield><subfield code="c">Artforum International Magazine</subfield><subfield code="d">1982-</subfield></datafield><datafield tag="214" ind1="#" ind2="0"><subfield code="a">New York</subfield><subfield code="c">Artforum International Magazine</subfield><subfield code="d">1982-</subfield></datafield><datafield tag="215" ind1="#" ind2="#"><subfield code="a">vol.</subfield><subfield code="c">ill.</subfield><subfield code="d">26 cm</subfield></datafield><datafield tag="316" ind1="#" ind2="#"><subfield code="5">674825119:564511803</subfield><subfield code="a">HEARNUM_3_95594</subfield></datafield><datafield tag="316" ind1="#" ind2="#"><subfield code="5">751132105:291671241</subfield><subfield code="a">Abonnements UPDI</subfield></datafield><datafield tag="319" ind1="#" ind2="#"><subfield code="5">130555109:511949510</subfield><subfield code="a">Les numéros avant 1990 sont consultables sur place</subfield></datafield><datafield tag="319" ind1="#" ind2="#"><subfield code="5">751062312:220480478</subfield><subfield code="a">Reproductible</subfield></datafield><datafield tag="321" ind1="0" ind2="#"><subfield code="a">The Keepers Registry</subfield></datafield><datafield tag="326" ind1="#" ind2="#"><subfield code="a">Mensuel</subfield></datafield><datafield tag="326" ind1="#" ind2="#"><subfield code="a">Le changement de volume (au numéro 1 du volume) se fait en septembre d&apos;une année donnée</subfield><subfield code="b">19XX-</subfield></datafield><datafield tag="421" ind1="#" ind2="#"><subfield code="0">03617968X</subfield><subfield code="t">Bookforum - Artforum</subfield><subfield code="x">1098-3376</subfield></datafield><datafield tag="430" ind1="#" ind2="#"><subfield code="0">036183156</subfield><subfield code="t">Artforum</subfield><subfield code="x">0004-3532</subfield></datafield><datafield tag="452" ind1="#" ind2="#"><subfield code="t">Artforum international</subfield></datafield><datafield tag="517" ind1="#" ind2="#"><subfield code="a">Artforum</subfield></datafield><datafield tag="517" ind1="#" ind2="#"><subfield code="a">Art forum international</subfield></datafield><datafield tag="517" ind1="#" ind2="#"><subfield code="a">Artforum international magazine</subfield></datafield><datafield tag="530" ind1="0" ind2="#"><subfield code="a">Artforum international</subfield></datafield><datafield tag="531" ind1="#" ind2="#"><subfield code="a">Artforum int.</subfield></datafield><datafield tag="606" ind1="#" ind2="#"><subfield code="3">027269418</subfield><subfield code="a">Art</subfield><subfield code="z">20e siècle</subfield><subfield code="2">rameau</subfield></datafield><datafield tag="606" ind1="#" ind2="#"><subfield code="3">027269302</subfield><subfield code="a">Art</subfield><subfield code="3">050665391</subfield><subfield code="z">2000-....</subfield><subfield code="2">rameau</subfield></datafield><datafield tag="608" ind1="#" ind2="#"><subfield code="3">02724640X</subfield><subfield code="a">Périodique</subfield><subfield code="2">rameau</subfield></datafield><datafield tag="676" ind1="#" ind2="#"><subfield code="a">705</subfield></datafield><datafield tag="676" ind1="#" ind2="#"><subfield code="a">709</subfield></datafield><datafield tag="680" ind1="#" ind2="#"><subfield code="a">N1</subfield></datafield><datafield tag="801" ind1="#" ind2="3"><subfield code="a">FR</subfield><subfield code="b">Abes</subfield><subfield code="c">20250626</subfield><subfield code="g">AFNOR</subfield></datafield><datafield tag="801" ind1="#" ind2="3"><subfield code="a">FR</subfield><subfield code="b">ISSN</subfield><subfield code="c">20250625</subfield></datafield><datafield tag="802" ind1="#" ind2="#"><subfield code="a">01</subfield></datafield><datafield tag="830" ind1="#" ind2="#"><subfield code="a">Réforme Rameau Genre-Forme retro périos (ne pas supprimer)</subfield></datafield><datafield tag="930" ind1="#" ind2="#"><subfield code="5">315555245:22065336401</subfield><subfield code="b">315555245</subfield><subfield code="j">f</subfield></datafield><datafield tag="955" ind1="4" ind2="1"><subfield code="5">315555245:22065336401</subfield><subfield code="j">sep</subfield><subfield code="i">1982</subfield><subfield code="i"/><subfield code="j"/><subfield code="k"/><subfield code="a"/><subfield code="b"/><subfield code="c"/><subfield code="w">Lacunes 10%</subfield><subfield code="r">(sep-1982)-.... [Lacunes 10%]</subfield></datafield><datafield tag="940" ind1=" " ind2=" "><subfield code="5">315555245:22065336401</subfield><subfield code="a">20050105</subfield><subfield code="b">xO</subfield></datafield><datafield tag="941" ind1=" " ind2=" "><subfield code="5">315555245:22065336401</subfield><subfield code="a">20050105</subfield><subfield code="b">12:52:20.000</subfield></datafield></record>