<record><leader>     cas0 22        450 </leader><controlfield tag="001">040473392</controlfield><controlfield tag="002">4,50,51,56,63,70,72,88,90,146,173,200,201,204,205,206,207,215,219,222,223,226,228,229,230,231,232,233,408,414,418,427,431</controlfield><controlfield tag="003">https://www.sudoc.fr/040473392</controlfield><controlfield tag="004">19960829</controlfield><controlfield tag="005">20250107180708.000</controlfield><controlfield tag="006">9999</controlfield><controlfield tag="007">1999</controlfield><controlfield tag="008">Abx3</controlfield><datafield tag="011" ind1="#" ind2="#"><subfield code="a">1270-0614</subfield><subfield code="f">1270-0614</subfield></datafield><datafield tag="033" ind1="#" ind2="#"><subfield code="a">https://catalogue.bnf.fr/ark:/12148/cb34532642g</subfield><subfield code="2">BNF</subfield><subfield code="d">20191209</subfield></datafield><datafield tag="034" ind1=" " ind2=" "><subfield code="a">OCoLC</subfield><subfield code="0">299582127</subfield></datafield><datafield tag="035" ind1="#" ind2="#"><subfield code="a">ccn1270-0614</subfield></datafield><datafield tag="035" ind1="#" ind2="#"><subfield code="a">issn12700614</subfield></datafield><datafield tag="035" ind1="#" ind2="#"><subfield code="1">418</subfield><subfield code="a">36451</subfield></datafield><datafield tag="100" ind1="#" ind2="#"><subfield code="a">19960829b19962009m  y0frey50      ba</subfield><subfield code="Y">0#</subfield><subfield code="A">1996</subfield><subfield code="B">2009</subfield></datafield><datafield tag="101" ind1="0" ind2="#"><subfield code="a">fre</subfield><subfield code="2">639-2</subfield></datafield><datafield tag="102" ind1="#" ind2="#"><subfield code="a">FR</subfield></datafield><datafield tag="104" ind1="#" ind2="#"><subfield code="a">m</subfield><subfield code="b">y</subfield><subfield code="c">y</subfield><subfield code="d">ba</subfield><subfield code="e">0</subfield><subfield code="f">fre</subfield></datafield><datafield tag="106" ind1="#" ind2="#"><subfield code="a">r</subfield></datafield><datafield tag="110" ind1="#" ind2="#"><subfield code="a">ahu|||||uu|</subfield></datafield><datafield tag="181" ind1="#" ind2="#"><subfield code="6">z01</subfield><subfield code="c">txt</subfield><subfield code="2">rdacontent</subfield></datafield><datafield tag="181" ind1="#" ind2="#"><subfield code="6">z02</subfield><subfield code="c">sti</subfield><subfield code="2">rdacontent</subfield></datafield><datafield tag="181" ind1="#" ind2="1"><subfield code="6">z01</subfield><subfield code="a">i#</subfield><subfield code="b">xxxe##</subfield></datafield><datafield tag="181" ind1="#" ind2="1"><subfield code="6">z02</subfield><subfield code="a">b#</subfield><subfield code="b">xb2e##</subfield></datafield><datafield tag="182" ind1="#" ind2="#"><subfield code="6">z01</subfield><subfield code="6">z02</subfield><subfield code="c">n</subfield><subfield code="2">rdamedia</subfield></datafield><datafield tag="182" ind1="#" ind2="1"><subfield code="6">z01</subfield><subfield code="6">z02</subfield><subfield code="a">n</subfield></datafield><datafield tag="183" ind1="#" ind2="#"><subfield code="6">z01</subfield><subfield code="6">z02</subfield><subfield code="a">nga</subfield><subfield code="2">RDAfrCarrier</subfield></datafield><datafield tag="200" ind1="1" ind2="#"><subfield code="a">Verso arts et lettres</subfield></datafield><datafield tag="207" ind1="#" ind2="0"><subfield code="a">N°1 (1996, hiver) - n°52 (2009, janv.)</subfield></datafield><datafield tag="214" ind1="#" ind2="0"><subfield code="a">Paris</subfield><subfield code="c">Verso</subfield><subfield code="d">1996-2009</subfield></datafield><datafield tag="316" ind1="#" ind2="#"><subfield code="5">674825119:567415740</subfield><subfield code="a">HEARNUM_3_95629</subfield></datafield><datafield tag="319" ind1="#" ind2="#"><subfield code="5">751062312:220480222</subfield><subfield code="a">Reproductible</subfield></datafield><datafield tag="326" ind1="#" ind2="#"><subfield code="a">Trimestriel</subfield></datafield><datafield tag="440" ind1="#" ind2="#"><subfield code="0">162336691</subfield><subfield code="t">Verso</subfield><subfield code="x">2427-7533</subfield></datafield><datafield tag="530" ind1="0" ind2="#"><subfield code="a">Verso arts et lettres</subfield></datafield><datafield tag="606" ind1="#" ind2="#"><subfield code="3">027269302</subfield><subfield code="a">Art</subfield><subfield code="2">rameau</subfield></datafield><datafield tag="606" ind1="#" ind2="#"><subfield code="3">027220133</subfield><subfield code="a">Art et littérature</subfield><subfield code="2">rameau</subfield></datafield><datafield tag="608" ind1="#" ind2="#"><subfield code="3">02724640X</subfield><subfield code="a">Périodiques</subfield><subfield code="2">rameau</subfield></datafield><datafield tag="675" ind1="#" ind2="#"><subfield code="a">7.01/.09</subfield></datafield><datafield tag="675" ind1="#" ind2="#"><subfield code="a">82</subfield></datafield><datafield tag="676" ind1="#" ind2="#"><subfield code="a">700</subfield></datafield><datafield tag="676" ind1="#" ind2="#"><subfield code="a">800</subfield></datafield><datafield tag="680" ind1="#" ind2="#"><subfield code="a">NX2</subfield></datafield><datafield tag="686" ind1="#" ind2="#"><subfield code="1">88</subfield><subfield code="a">701.05</subfield><subfield code="2">DEWBSG</subfield></datafield><datafield tag="801" ind1="#" ind2="3"><subfield code="a">FR</subfield><subfield code="b">Abes</subfield><subfield code="c">20250107</subfield><subfield code="g">AFNOR</subfield></datafield><datafield tag="801" ind1="#" ind2="3"><subfield code="a">FR</subfield><subfield code="b">ISSN</subfield><subfield code="c">20150812</subfield></datafield><datafield tag="802" ind1="#" ind2="#"><subfield code="a">07</subfield></datafield><datafield tag="830" ind1="#" ind2="#"><subfield code="a">Réforme Rameau Genre-Forme retro périos (ne pas supprimer)</subfield></datafield><datafield tag="930" ind1="#" ind2="#"><subfield code="5">315555245:22777244X01</subfield><subfield code="b">315555245</subfield><subfield code="j">f</subfield></datafield><datafield tag="955" ind1="4" ind2="1"><subfield code="5">315555245:22777244X01</subfield><subfield code="b">6</subfield><subfield code="i">1997</subfield></datafield><datafield tag="955" ind1="4" ind2="1"><subfield code="5">315555245:22777244X01</subfield><subfield code="b">12</subfield><subfield code="i">1998</subfield></datafield><datafield tag="955" ind1="4" ind2="1"><subfield code="5">315555245:22777244X01</subfield><subfield code="b">19</subfield><subfield code="i">2000</subfield><subfield code="i">2009</subfield><subfield code="r">no. 6 (1997) ; no. 12 (1998) ; no. 19 (2000) - (2009)</subfield></datafield><datafield tag="940" ind1=" " ind2=" "><subfield code="5">315555245:22777244X01</subfield><subfield code="a">20050406</subfield><subfield code="b">xF</subfield></datafield><datafield tag="941" ind1=" " ind2=" "><subfield code="5">315555245:22777244X01</subfield><subfield code="a">20130227</subfield><subfield code="b">09:17:37.000</subfield></datafield></record>