<record><leader>     cas0 22        450 </leader><controlfield tag="001">048751820</controlfield><controlfield tag="002">21,90,167,201,202,204,206,219,222,223,226,227,228,230,233,408,428</controlfield><controlfield tag="003">https://www.sudoc.fr/048751820</controlfield><controlfield tag="004">20000228</controlfield><controlfield tag="005">20250107182841.000</controlfield><controlfield tag="006">9999</controlfield><controlfield tag="007">1999</controlfield><controlfield tag="008">Abx3</controlfield><datafield tag="011" ind1="#" ind2="#"><subfield code="a">1293-1381</subfield><subfield code="f">1293-1381</subfield></datafield><datafield tag="033" ind1="#" ind2="#"><subfield code="a">https://catalogue.bnf.fr/ark:/12148/cb369499247</subfield><subfield code="2">BNF</subfield><subfield code="d">20191112</subfield></datafield><datafield tag="034" ind1=" " ind2=" "><subfield code="a">OCoLC</subfield><subfield code="0">473628213</subfield></datafield><datafield tag="035" ind1="#" ind2="#"><subfield code="a">ccn1293-1381</subfield></datafield><datafield tag="035" ind1="#" ind2="#"><subfield code="a">issn12931381</subfield></datafield><datafield tag="035" ind1="#" ind2="#"><subfield code="1">21</subfield><subfield code="a">1256612</subfield></datafield><datafield tag="100" ind1="#" ind2="#"><subfield code="a">20000228b19982016k  y0frey50      ba</subfield><subfield code="Y">0#</subfield><subfield code="A">1998</subfield><subfield code="B">2016</subfield></datafield><datafield tag="101" ind1="0" ind2="#"><subfield code="a">fre</subfield><subfield code="2">639-2</subfield></datafield><datafield tag="102" ind1="#" ind2="#"><subfield code="a">FR</subfield></datafield><datafield tag="104" ind1="#" ind2="#"><subfield code="a">k</subfield><subfield code="b">y</subfield><subfield code="c">y</subfield><subfield code="d">ba</subfield><subfield code="e">0</subfield><subfield code="f">fre</subfield></datafield><datafield tag="106" ind1="#" ind2="#"><subfield code="a">r</subfield></datafield><datafield tag="110" ind1="#" ind2="#"><subfield code="a">agu||||@uu|</subfield></datafield><datafield tag="181" ind1="#" ind2="#"><subfield code="6">z01</subfield><subfield code="c">txt</subfield><subfield code="2">rdacontent</subfield></datafield><datafield tag="181" ind1="#" ind2="1"><subfield code="6">z01</subfield><subfield code="a">i#</subfield><subfield code="b">xxxe##</subfield></datafield><datafield tag="182" ind1="#" ind2="#"><subfield code="6">z01</subfield><subfield code="c">n</subfield><subfield code="2">rdamedia</subfield></datafield><datafield tag="182" ind1="#" ind2="1"><subfield code="6">z01</subfield><subfield code="a">n</subfield></datafield><datafield tag="183" ind1="#" ind2="#"><subfield code="6">z01</subfield><subfield code="a">nga</subfield><subfield code="2">RDAfrCarrier</subfield></datafield><datafield tag="200" ind1="1" ind2="#"><subfield code="a">Art actuel</subfield></datafield><datafield tag="207" ind1="#" ind2="0"><subfield code="a">N ° 1 (1998, oct.)- n°102 (janv.-fev. 2016)</subfield></datafield><datafield tag="214" ind1="#" ind2="0"><subfield code="a">Paris</subfield><subfield code="c">VM éd</subfield><subfield code="d">1998-2016</subfield></datafield><datafield tag="326" ind1="#" ind2="#"><subfield code="a">Bimestriel</subfield></datafield><datafield tag="530" ind1="1" ind2="#"><subfield code="a">Art actuel</subfield><subfield code="b">(Paris)</subfield></datafield><datafield tag="606" ind1="#" ind2="#"><subfield code="3">027269418</subfield><subfield code="a">Art</subfield><subfield code="z">20e siècle</subfield><subfield code="2">rameau</subfield></datafield><datafield tag="606" ind1="#" ind2="#"><subfield code="3">027269302</subfield><subfield code="a">Art</subfield><subfield code="3">050665391</subfield><subfield code="z">2000-....</subfield><subfield code="2">rameau</subfield></datafield><datafield tag="608" ind1="#" ind2="#"><subfield code="3">02724640X</subfield><subfield code="a">Périodiques</subfield><subfield code="2">rameau</subfield></datafield><datafield tag="675" ind1="#" ind2="#"><subfield code="a">7.036</subfield></datafield><datafield tag="676" ind1="#" ind2="#"><subfield code="a">709.04</subfield></datafield><datafield tag="801" ind1="#" ind2="3"><subfield code="a">FR</subfield><subfield code="b">Abes</subfield><subfield code="c">20250107</subfield><subfield code="g">AFNOR</subfield></datafield><datafield tag="801" ind1="#" ind2="3"><subfield code="a">FR</subfield><subfield code="b">ISSN</subfield><subfield code="c">20161117</subfield></datafield><datafield tag="802" ind1="#" ind2="#"><subfield code="a">07</subfield></datafield><datafield tag="830" ind1="#" ind2="#"><subfield code="a">Réforme Rameau Genre-Forme retro périos (ne pas supprimer)</subfield></datafield><datafield tag="930" ind1="#" ind2="#"><subfield code="5">315555245:23480841101</subfield><subfield code="b">315555245</subfield><subfield code="j">f</subfield></datafield><datafield tag="955" ind1="4" ind2="1"><subfield code="5">315555245:23480841101</subfield><subfield code="b">2</subfield><subfield code="i">1999</subfield></datafield><datafield tag="955" ind1="4" ind2="1"><subfield code="5">315555245:23480841101</subfield><subfield code="b">8</subfield><subfield code="i">2000</subfield><subfield code="b">9</subfield><subfield code="i">2000</subfield></datafield><datafield tag="955" ind1="4" ind2="1"><subfield code="5">315555245:23480841101</subfield><subfield code="b">11</subfield><subfield code="i">2000</subfield><subfield code="b">12</subfield><subfield code="i">2001</subfield></datafield><datafield tag="955" ind1="4" ind2="1"><subfield code="5">315555245:23480841101</subfield><subfield code="b">18</subfield><subfield code="i">2002</subfield><subfield code="b">19</subfield><subfield code="i">2002</subfield></datafield><datafield tag="955" ind1="4" ind2="1"><subfield code="5">315555245:23480841101</subfield><subfield code="b">21</subfield><subfield code="i">2002</subfield><subfield code="b">22</subfield><subfield code="i">2002</subfield></datafield><datafield tag="955" ind1="4" ind2="1"><subfield code="5">315555245:23480841101</subfield><subfield code="b">24</subfield><subfield code="i">2003</subfield></datafield><datafield tag="955" ind1="4" ind2="1"><subfield code="5">315555245:23480841101</subfield><subfield code="b">26</subfield><subfield code="i">2003</subfield></datafield><datafield tag="955" ind1="4" ind2="1"><subfield code="5">315555245:23480841101</subfield><subfield code="b">28</subfield><subfield code="i">2003</subfield><subfield code="r">no. 2 (1999) ; no. 8 (2000) - no. 9  (2000) ; no. 11 (2000) - no. 12  (2001) ; no. 18 (2002) - no. 19  (2002) ; no. 21 (2002) - no. 22  (2002) ; no. 24 (2003) ; no. 26 (2003) ; no. 28 (2003)</subfield></datafield><datafield tag="940" ind1=" " ind2=" "><subfield code="5">315555245:23480841101</subfield><subfield code="a">20050623</subfield><subfield code="b">rF</subfield></datafield><datafield tag="941" ind1=" " ind2=" "><subfield code="5">315555245:23480841101</subfield><subfield code="a">20050623</subfield><subfield code="b">17:04:58.000</subfield></datafield></record>