<record><leader>     cli0 22        450 </leader><controlfield tag="001">048905208</controlfield><controlfield tag="002">45,63,200,222</controlfield><controlfield tag="003">https://www.sudoc.fr/048905208</controlfield><controlfield tag="004">20000302</controlfield><controlfield tag="005">20250124100635.000</controlfield><controlfield tag="006">9999</controlfield><controlfield tag="007">674829902</controlfield><controlfield tag="008">Obx3</controlfield><datafield tag="011" ind1="#" ind2="#"><subfield code="a">1528-3461</subfield><subfield code="f">0300-466X</subfield></datafield><datafield tag="034" ind1=" " ind2=" "><subfield code="a">OCoLC</subfield><subfield code="0">499291969</subfield></datafield><datafield tag="035" ind1="#" ind2="#"><subfield code="a">ccn1528-3461</subfield></datafield><datafield tag="035" ind1="#" ind2="#"><subfield code="a">issn15283461</subfield></datafield><datafield tag="100" ind1="#" ind2="#"><subfield code="a">20000302a19999999k  y0frey50      ba</subfield><subfield code="Y">0#</subfield><subfield code="A">1999</subfield><subfield code="D">1999-...</subfield></datafield><datafield tag="101" ind1="0" ind2="#"><subfield code="a">eng</subfield><subfield code="2">639-2</subfield></datafield><datafield tag="102" ind1="#" ind2="#"><subfield code="a">US</subfield></datafield><datafield tag="104" ind1="#" ind2="#"><subfield code="a">k</subfield><subfield code="b">y</subfield><subfield code="c">y</subfield><subfield code="d">ba</subfield><subfield code="e">0</subfield><subfield code="f">fre</subfield></datafield><datafield tag="110" ind1="#" ind2="#"><subfield code="a">ffa||||0uu|</subfield></datafield><datafield tag="135" ind1=" " ind2=" "><subfield code="a">er|||||||||||</subfield></datafield><datafield tag="181" ind1="#" ind2="#"><subfield code="6">z01</subfield><subfield code="c">txt</subfield><subfield code="2">rdacontent</subfield></datafield><datafield tag="181" ind1="#" ind2="1"><subfield code="6">z01</subfield><subfield code="a">i#</subfield><subfield code="b">xxxe##</subfield></datafield><datafield tag="182" ind1="#" ind2="#"><subfield code="6">z01</subfield><subfield code="c">c</subfield><subfield code="2">rdamedia</subfield></datafield><datafield tag="182" ind1="#" ind2="1"><subfield code="6">z01</subfield><subfield code="a">b</subfield></datafield><datafield tag="183" ind1="#" ind2="#"><subfield code="6">z01</subfield><subfield code="a">ceb</subfield><subfield code="2">RDAfrCarrier</subfield></datafield><datafield tag="200" ind1="1" ind2="#"><subfield code="a">ARTbibliographies modern</subfield></datafield><datafield tag="214" ind1="#" ind2="0"><subfield code="a">Santa Barbara, Calif</subfield><subfield code="c">ABC-Clio</subfield><subfield code="d">©1999-</subfield></datafield><datafield tag="214" ind1="1" ind2="0"><subfield code="a">Ann Arbor, Michigan, USA</subfield><subfield code="c">ProQuest LLC</subfield><subfield code="d">1999-</subfield></datafield><datafield tag="230" ind1="#" ind2="#"><subfield code="a">Données textuelles</subfield></datafield><datafield tag="303" ind1="#" ind2="#"><subfield code="a">Description d&apos;après la consultation 2011-09-20</subfield></datafield><datafield tag="304" ind1="#" ind2="#"><subfield code="a">Titre provenant de l&apos;écran d&apos;accueil</subfield></datafield><datafield tag="305" ind1="#" ind2="#"><subfield code="a">Version en ligne de la base de données ARTbibliographies modern</subfield></datafield><datafield tag="319" ind1="#" ind2="#"><subfield code="1">63</subfield><subfield code="a">Accessible sur authentification aux étudiants, enseignants-chercheurs et personnels de l&apos;Université de Strasbourg, ainsi que sur tous les postes publics des bibliothèques du SCD</subfield></datafield><datafield tag="320" ind1="#" ind2="#"><subfield code="a">Liste des périodiques (fichier Excel)</subfield></datafield><datafield tag="330" ind1="#" ind2="#"><subfield code="a">Résumés complets d&apos;articles de revues, de livres, d&apos;essais, de catalogues d&apos;expositions, de thèses de doctorat et de critiques d&apos;expositions consacrés à toutes les formes de l&apos;art moderne et contemporain. ABM est la principale source d&apos;information sur les arts modernes et contemporains depuis la fin du XIXe siècle. Elle traite également de la photographie depuis son invention. Cette base comprend des résumés de documents rédigés en anglais et dans d&apos;autres langues sur des artistes, des mouvements et des tendances peu connus. Le champ d&apos;études d&apos;ABM est large : art performance et installations, art vidéo, art électronique et informatique, art corporel, graffiti, livres d&apos;artistes, art dramatique, conservation, artisanat, céramique et verrerie d&apos;art, arts ethniques, arts graphiques et conception de musée, mode, calligraphie et les arts classiques tels que l&apos;illustration, la peinture, la lithographie, la sculpture et le dessin</subfield></datafield><datafield tag="336" ind1="#" ind2="#"><subfield code="a">Base de données bibliographiques au format html.</subfield></datafield><datafield tag="337" ind1="#" ind2="#"><subfield code="a">Navigateur Web</subfield></datafield><datafield tag="371" ind1="0" ind2="#"><subfield code="a">L&apos;accès à cette ressource est réservé aux usagers des établissements qui en ont fait l&apos;acquisition</subfield></datafield><datafield tag="452" ind1="#" ind2="#"><subfield code="0">038805618</subfield><subfield code="t">Artbibliographies modern</subfield><subfield code="x">0300-466X</subfield></datafield><datafield tag="452" ind1="#" ind2="#"><subfield code="0">058032223</subfield><subfield code="t">Artbibliographies modern on disc</subfield><subfield code="x">1076-5468</subfield></datafield><datafield tag="452" ind1="#" ind2="#"><subfield code="0">040629791</subfield><subfield code="t">Artbibliographies modern on disc (expanded ed.)</subfield><subfield code="x">1088-8624</subfield></datafield><datafield tag="517" ind1="#" ind2="#"><subfield code="a">ART bibliographies modern</subfield></datafield><datafield tag="517" ind1="#" ind2="#"><subfield code="a">ARTbibliographies modern database</subfield></datafield><datafield tag="517" ind1="#" ind2="#"><subfield code="a">ARTbibliographies modern on the web</subfield></datafield><datafield tag="517" ind1="#" ind2="#"><subfield code="a">ABM</subfield></datafield><datafield tag="530" ind1="1" ind2="#"><subfield code="a">ARTbibliographies modern</subfield><subfield code="b">(Online)</subfield></datafield><datafield tag="531" ind1="#" ind2="#"><subfield code="a">ARTbibliogr. mod.</subfield><subfield code="b">(Online)</subfield></datafield><datafield tag="606" ind1="#" ind2="#"><subfield code="3">027269302</subfield><subfield code="a">Art</subfield><subfield code="3">028663233</subfield><subfield code="x">Bibliographie analytique</subfield><subfield code="2">rameau</subfield></datafield><datafield tag="608" ind1="#" ind2="#"><subfield code="3">204299314</subfield><subfield code="a">Bases de données bibliographiques</subfield><subfield code="2">rameau</subfield></datafield><datafield tag="676" ind1="#" ind2="#"><subfield code="a">700</subfield></datafield><datafield tag="710" ind1="0" ind2="2"><subfield code="3">027914623</subfield><subfield code="a">A.B.C.-Clio information services</subfield><subfield code="c">Etats-Unis</subfield><subfield code="4">340</subfield></datafield><datafield tag="801" ind1="#" ind2="3"><subfield code="a">FR</subfield><subfield code="b">Abes</subfield><subfield code="c">20250124</subfield><subfield code="g">AFNOR</subfield></datafield><datafield tag="801" ind1="#" ind2="3"><subfield code="a">FR</subfield><subfield code="b">ISSN</subfield><subfield code="c">20201110</subfield></datafield><datafield tag="802" ind1="#" ind2="#"><subfield code="a">01</subfield></datafield><datafield tag="830" ind1="#" ind2="#"><subfield code="a">Réforme Rameau Genre-Forme retro périos (ne pas supprimer)</subfield></datafield><datafield tag="830" ind1="#" ind2="#"><subfield code="a">Réforme Rameau Genre-Forme retro thèses (ne pas supprimer)</subfield></datafield><datafield tag="856" ind1="4" ind2="#"><subfield code="5">341729901:551381337</subfield><subfield code="z">[ART bibliographies Modern - ABM]</subfield><subfield code="u">http://search.proquest.com/artbibliographies?accountid=12542</subfield><subfield code="l">UPV | DIP</subfield></datafield><datafield tag="856" ind1="4" ind2="#"><subfield code="5">674829902:837982618</subfield><subfield code="u">http://scd-rproxy.u-strasbg.fr/login?url=http://search.proquest.com/artbibliographies</subfield><subfield code="z">Accessible sur authentification aux étudiants, enseignants-chercheurs et personnels de l&apos;Université de Strasbourg, ainsi que sur tous les postes publics des bibliothèques du SCD</subfield></datafield><datafield tag="930" ind1="#" ind2="#"><subfield code="5">315555245:22778459601</subfield><subfield code="b">315555245</subfield><subfield code="j">g</subfield></datafield><datafield tag="955" ind1="4" ind2="1"><subfield code="5">315555245:22778459601</subfield><subfield code="i">2004</subfield><subfield code="i"/><subfield code="j"/><subfield code="k"/><subfield code="a"/><subfield code="b"/><subfield code="c"/><subfield code="r">(2004)-....</subfield></datafield><datafield tag="940" ind1=" " ind2=" "><subfield code="5">315555245:22778459601</subfield><subfield code="a">20050406</subfield><subfield code="b">xO</subfield></datafield><datafield tag="941" ind1=" " ind2=" "><subfield code="5">315555245:22778459601</subfield><subfield code="a">20050406</subfield><subfield code="b">15:41:58.000</subfield></datafield></record>