<record><leader>     cas0 22        450 </leader><controlfield tag="001">076063984</controlfield><controlfield tag="002">45,50,51,63,80,90,102,178,185,200,201,203,204,206,207,209,215,219,220,222,223,226,228,229,230,232,233,408,414,427,428,431,432,440</controlfield><controlfield tag="003">https://www.sudoc.fr/076063984</controlfield><controlfield tag="004">20040127</controlfield><controlfield tag="005">20250107182858.000</controlfield><controlfield tag="006">335220002</controlfield><controlfield tag="007">1999</controlfield><controlfield tag="008">Abx3</controlfield><datafield tag="011" ind1="#" ind2="#"><subfield code="a">1763-6361</subfield><subfield code="f">1763-6361</subfield></datafield><datafield tag="033" ind1="#" ind2="#"><subfield code="a">https://catalogue.bnf.fr/ark:/12148/cb39046068h</subfield><subfield code="2">BNF</subfield><subfield code="d">20191203</subfield></datafield><datafield tag="033" ind1="#" ind2="#"><subfield code="a">https://reseau-mirabel.info/revue/titre-id/5780</subfield><subfield code="2">Mir@bel</subfield><subfield code="d">20200722</subfield></datafield><datafield tag="034" ind1=" " ind2=" "><subfield code="a">OCoLC</subfield><subfield code="0">474344570</subfield></datafield><datafield tag="035" ind1="#" ind2="#"><subfield code="a">issn17636361</subfield></datafield><datafield tag="035" ind1="#" ind2="#"><subfield code="a">MIR_5780</subfield></datafield><datafield tag="100" ind1="#" ind2="#"><subfield code="a">20040127a20039999m  y0frey50      ba</subfield><subfield code="Y">0#</subfield><subfield code="A">2003</subfield><subfield code="D">2003-...</subfield></datafield><datafield tag="101" ind1="0" ind2="#"><subfield code="a">fre</subfield><subfield code="2">639-2</subfield></datafield><datafield tag="102" ind1="#" ind2="#"><subfield code="a">FR</subfield></datafield><datafield tag="104" ind1="#" ind2="#"><subfield code="a">m</subfield><subfield code="b">y</subfield><subfield code="c">y</subfield><subfield code="d">ba</subfield><subfield code="e">0</subfield><subfield code="f">fre</subfield></datafield><datafield tag="106" ind1="#" ind2="#"><subfield code="a">r</subfield></datafield><datafield tag="110" ind1="#" ind2="#"><subfield code="a">agu||||0uu|</subfield></datafield><datafield tag="181" ind1="#" ind2="#"><subfield code="6">z01</subfield><subfield code="c">txt</subfield><subfield code="2">rdacontent</subfield></datafield><datafield tag="181" ind1="#" ind2="1"><subfield code="6">z01</subfield><subfield code="a">i#</subfield><subfield code="b">xxxe##</subfield></datafield><datafield tag="182" ind1="#" ind2="#"><subfield code="6">z01</subfield><subfield code="c">n</subfield><subfield code="2">rdamedia</subfield></datafield><datafield tag="182" ind1="#" ind2="1"><subfield code="6">z01</subfield><subfield code="a">n</subfield></datafield><datafield tag="183" ind1="#" ind2="#"><subfield code="6">z01</subfield><subfield code="a">nga</subfield><subfield code="2">RDAfrCarrier</subfield></datafield><datafield tag="200" ind1="1" ind2="#"><subfield code="a">Archistorm</subfield><subfield code="e">l&apos;architecture, l&apos;art... de a à z</subfield><subfield code="f">dir. publ. Marc Sautereau</subfield></datafield><datafield tag="207" ind1="#" ind2="0"><subfield code="a">No.1(2003,jun)-</subfield></datafield><datafield tag="210" ind1="#" ind2="#"><subfield code="a">Avrillé</subfield><subfield code="c">Archistorm</subfield><subfield code="d">2003-</subfield></datafield><datafield tag="215" ind1="#" ind2="#"><subfield code="d">34 cm</subfield></datafield><datafield tag="300" ind1="#" ind2="#"><subfield code="a">A partir de 2015 le hors série est encarté dans la revue</subfield></datafield><datafield tag="306" ind1="#" ind2="#"><subfield code="a">Château de la Plesse, 49240 Avrillé</subfield></datafield><datafield tag="318" ind1="#" ind2="#"><subfield code="5">940185201:478516681</subfield><subfield code="a">récolement 2023</subfield></datafield><datafield tag="326" ind1="#" ind2="#"><subfield code="a">Bimestriel</subfield></datafield><datafield tag="421" ind1="#" ind2="#"><subfield code="0">169410560</subfield><subfield code="t">ArchiSTORM. Numéro spécial</subfield><subfield code="x">2265-5379</subfield></datafield><datafield tag="421" ind1="#" ind2="#"><subfield code="0">151138850</subfield><subfield code="t">ArchiSTORM. Hors-série</subfield><subfield code="x">2114-2076</subfield></datafield><datafield tag="517" ind1="#" ind2="#"><subfield code="a">Archistorm</subfield><subfield code="e">architecture + design + art</subfield></datafield><datafield tag="517" ind1="#" ind2="#"><subfield code="a">Archistorm</subfield><subfield code="e">architecture plus design plus art</subfield></datafield><datafield tag="530" ind1="1" ind2="#"><subfield code="a">Archistorm</subfield><subfield code="b">(Avrillé)</subfield></datafield><datafield tag="606" ind1="#" ind2="#"><subfield code="3">160694876</subfield><subfield code="a">Architecture</subfield><subfield code="z">21e siècle</subfield><subfield code="2">rameau</subfield></datafield><datafield tag="606" ind1="#" ind2="#"><subfield code="1">178</subfield><subfield code="a">Architecture</subfield><subfield code="2">CAPA</subfield></datafield><datafield tag="608" ind1="#" ind2="#"><subfield code="3">02724640X</subfield><subfield code="a">Périodique</subfield><subfield code="2">rameau</subfield></datafield><datafield tag="676" ind1="#" ind2="#"><subfield code="a">700</subfield></datafield><datafield tag="676" ind1="#" ind2="#"><subfield code="a">712</subfield></datafield><datafield tag="676" ind1="#" ind2="#"><subfield code="a">720</subfield></datafield><datafield tag="702" ind1="#" ind2="1"><subfield code="3">076064182</subfield><subfield code="a">Sautereau</subfield><subfield code="b">Marc</subfield><subfield code="4">651</subfield></datafield><datafield tag="801" ind1="#" ind2="3"><subfield code="a">FR</subfield><subfield code="b">Abes</subfield><subfield code="c">20250107</subfield><subfield code="g">AFNOR</subfield></datafield><datafield tag="801" ind1="#" ind2="3"><subfield code="a">FR</subfield><subfield code="b">ISSN</subfield><subfield code="c">20130430</subfield></datafield><datafield tag="802" ind1="#" ind2="#"><subfield code="a">07</subfield></datafield><datafield tag="930" ind1="#" ind2="#"><subfield code="5">315555245:21566933901</subfield><subfield code="b">315555245</subfield><subfield code="j">f</subfield></datafield><datafield tag="955" ind1="4" ind2="1"><subfield code="5">315555245:21566933901</subfield><subfield code="b">2</subfield><subfield code="i">2003</subfield><subfield code="i"/><subfield code="j"/><subfield code="k"/><subfield code="a"/><subfield code="b"/><subfield code="c"/><subfield code="r">no. 2 (2003)-....</subfield></datafield><datafield tag="940" ind1=" " ind2=" "><subfield code="5">315555245:21566933901</subfield><subfield code="a">20041020</subfield><subfield code="b">xO</subfield></datafield><datafield tag="941" ind1=" " ind2=" "><subfield code="5">315555245:21566933901</subfield><subfield code="a">20041020</subfield><subfield code="b">19:21:20.000</subfield></datafield></record>