<record><leader>     cas0 22        450 </leader><controlfield tag="001">078948010</controlfield><controlfield tag="002">4,50,51,72,80,90,200,201,203,204,209,215,219,220,222,223,226,227,229,232,233,408,412,414,418,431</controlfield><controlfield tag="003">https://www.sudoc.fr/078948010</controlfield><controlfield tag="004">20030523</controlfield><controlfield tag="005">20250718190833.000</controlfield><controlfield tag="006">999999998</controlfield><controlfield tag="007">441090002</controlfield><controlfield tag="008">Abx3</controlfield><datafield tag="011" ind1="#" ind2="#"><subfield code="a">1766-6465</subfield><subfield code="f">1766-6465</subfield></datafield><datafield tag="033" ind1="#" ind2="#"><subfield code="a">https://catalogue.bnf.fr/ark:/12148/cb391613394</subfield><subfield code="2">BNF</subfield><subfield code="d">20191202</subfield></datafield><datafield tag="034" ind1=" " ind2=" "><subfield code="a">OCoLC</subfield><subfield code="0">85685638</subfield></datafield><datafield tag="035" ind1="#" ind2="#"><subfield code="a">issn17666465</subfield></datafield><datafield tag="035" ind1="#" ind2="#"><subfield code="1">418</subfield><subfield code="a">32042</subfield></datafield><datafield tag="100" ind1="#" ind2="#"><subfield code="a">20030523a20049999u  y0frey50      ba</subfield><subfield code="Y">0#</subfield><subfield code="A">2004</subfield><subfield code="D">2004-...</subfield></datafield><datafield tag="101" ind1="0" ind2="#"><subfield code="a">fre</subfield><subfield code="2">639-2</subfield></datafield><datafield tag="102" ind1="#" ind2="#"><subfield code="a">FR</subfield></datafield><datafield tag="104" ind1="#" ind2="#"><subfield code="a">u</subfield><subfield code="b">y</subfield><subfield code="c">y</subfield><subfield code="d">ba</subfield><subfield code="e">0</subfield><subfield code="f">fre</subfield></datafield><datafield tag="106" ind1="#" ind2="#"><subfield code="a">r</subfield></datafield><datafield tag="110" ind1="#" ind2="#"><subfield code="a">acu||||@uu|</subfield></datafield><datafield tag="181" ind1="#" ind2="#"><subfield code="6">z01</subfield><subfield code="c">txt</subfield><subfield code="2">rdacontent</subfield></datafield><datafield tag="181" ind1="#" ind2="1"><subfield code="6">z01</subfield><subfield code="a">i#</subfield><subfield code="b">xxxe##</subfield></datafield><datafield tag="182" ind1="#" ind2="#"><subfield code="6">z01</subfield><subfield code="c">n</subfield><subfield code="2">rdamedia</subfield></datafield><datafield tag="182" ind1="#" ind2="1"><subfield code="6">z01</subfield><subfield code="a">n</subfield></datafield><datafield tag="183" ind1="#" ind2="#"><subfield code="6">z01</subfield><subfield code="a">nga</subfield><subfield code="2">RDAfrCarrier</subfield></datafield><datafield tag="200" ind1="1" ind2="#"><subfield code="a">Semaine</subfield><subfield code="e">revue hebdomadaire pour l&apos;art contemporain</subfield></datafield><datafield tag="207" ind1="#" ind2="0"><subfield code="a">N°1 (mars 2004) -</subfield></datafield><datafield tag="214" ind1="#" ind2="0"><subfield code="a">Arles</subfield><subfield code="c">Analogues</subfield><subfield code="d">2004-</subfield></datafield><datafield tag="311" ind1="#" ind2="#"><subfield code="a">À partir de 2010, l&apos;éditeur publie aussi une édition contenant quatre mois de livraisons reliées en un volume</subfield></datafield><datafield tag="316" ind1="#" ind2="#"><subfield code="5">751025206:309391881</subfield><subfield code="a">Doublon : n°444 du 15 janv. 2021</subfield></datafield><datafield tag="319" ind1="#" ind2="#"><subfield code="5">751062312:221198385</subfield><subfield code="a">Reproductible</subfield></datafield><datafield tag="326" ind1="#" ind2="#"><subfield code="a">Hebdomadaire</subfield></datafield><datafield tag="330" ind1="#" ind2="#"><subfield code="a">Chaque numéro de Semaine réserve à ses lecteurs 16 pages consacrées à un projet artistique et conçues avec les acteurs de ce projet, artistes, commissaires d’expositions, historiens d’art, critiques d’art, écrivains. Semaine dévoile, à la mesure de chaque numéro, l’envergure et la diversité du territoire artistique en France.</subfield></datafield><datafield tag="423" ind1="#" ind2="#"><subfield code="0">112817424</subfield><subfield code="t">Semaines</subfield><subfield code="x">1953-5201</subfield></datafield><datafield tag="451" ind1="#" ind2="#"><subfield code="0">112817424</subfield><subfield code="t">Semaines</subfield><subfield code="x">1953-5201</subfield></datafield><datafield tag="530" ind1="1" ind2="#"><subfield code="a">Semaine</subfield><subfield code="b">(Arles)</subfield></datafield><datafield tag="606" ind1="#" ind2="#"><subfield code="3">027269418</subfield><subfield code="a">Art</subfield><subfield code="z">20e siècle</subfield><subfield code="2">rameau</subfield></datafield><datafield tag="606" ind1="#" ind2="#"><subfield code="3">027269302</subfield><subfield code="a">Art</subfield><subfield code="3">050665391</subfield><subfield code="z">2000-....</subfield><subfield code="2">rameau</subfield></datafield><datafield tag="608" ind1="#" ind2="#"><subfield code="3">02724640X</subfield><subfield code="a">Périodique</subfield><subfield code="2">rameau</subfield></datafield><datafield tag="676" ind1="#" ind2="#"><subfield code="a">700.5</subfield></datafield><datafield tag="801" ind1="#" ind2="3"><subfield code="a">FR</subfield><subfield code="b">Abes</subfield><subfield code="c">20250718</subfield><subfield code="g">AFNOR</subfield></datafield><datafield tag="801" ind1="#" ind2="3"><subfield code="a">FR</subfield><subfield code="b">ISSN</subfield><subfield code="c">20110408</subfield></datafield><datafield tag="802" ind1="#" ind2="#"><subfield code="a">07</subfield></datafield><datafield tag="830" ind1="#" ind2="#"><subfield code="a">Réforme Rameau Genre-Forme retro périos (ne pas supprimer)</subfield></datafield><datafield tag="830" ind1="#" ind2="#"><subfield code="a">DEMANDE DE CORRECTION ISSN par CR03 pour la zone 100 $$d (date ouverte) le 2010-11-30</subfield></datafield><datafield tag="830" ind1="#" ind2="#"><subfield code="a">Demande de correction ISSN par le CR 37 (ajout de la zone 451)</subfield></datafield><datafield tag="930" ind1="#" ind2="#"><subfield code="5">315555245:22787818301</subfield><subfield code="b">315555245</subfield><subfield code="j">f</subfield></datafield><datafield tag="955" ind1="4" ind2="1"><subfield code="5">315555245:22787818301</subfield><subfield code="b">1</subfield><subfield code="j">mar</subfield><subfield code="i">2004</subfield><subfield code="i"/><subfield code="j"/><subfield code="k"/><subfield code="a"/><subfield code="b"/><subfield code="c"/><subfield code="r">no. 1 (mar-2004)-....</subfield></datafield><datafield tag="940" ind1=" " ind2=" "><subfield code="5">315555245:22787818301</subfield><subfield code="a">20050407</subfield><subfield code="b">xO</subfield></datafield><datafield tag="941" ind1=" " ind2=" "><subfield code="5">315555245:22787818301</subfield><subfield code="a">20050407</subfield><subfield code="b">15:22:42.000</subfield></datafield></record>