<record><leader>     cas0 22        450 </leader><controlfield tag="001">036329584</controlfield><controlfield tag="002">50,90,146,204,222,230,408,412</controlfield><controlfield tag="003">https://www.sudoc.fr/036329584</controlfield><controlfield tag="004">19970704</controlfield><controlfield tag="005">20231024180553.000</controlfield><controlfield tag="006">9999</controlfield><controlfield tag="007">1999</controlfield><controlfield tag="008">Abx3</controlfield><datafield tag="011" ind1="#" ind2="#"><subfield code="a">1136-6907</subfield><subfield code="f">1136-6907</subfield></datafield><datafield tag="034" ind1=" " ind2=" "><subfield code="a">OCoLC</subfield><subfield code="0">436626165</subfield></datafield><datafield tag="035" ind1="#" ind2="#"><subfield code="a">ccn1136-6907</subfield></datafield><datafield tag="035" ind1="#" ind2="#"><subfield code="a">issn11366907</subfield></datafield><datafield tag="100" ind1="#" ind2="#"><subfield code="a">19970704b19942003||||0fre|50      ba</subfield><subfield code="Y">0#</subfield><subfield code="A">1994</subfield><subfield code="B">2003</subfield></datafield><datafield tag="101" ind1="0" ind2="#"><subfield code="a">spa</subfield><subfield code="2">639-2</subfield></datafield><datafield tag="102" ind1="#" ind2="#"><subfield code="a">ES</subfield></datafield><datafield tag="104" ind1="#" ind2="#"><subfield code="d">ba</subfield><subfield code="e">0</subfield><subfield code="f">fre</subfield></datafield><datafield tag="110" ind1="#" ind2="#"><subfield code="a">ah|||||||||</subfield></datafield><datafield tag="181" ind1="#" ind2="#"><subfield code="6">z01</subfield><subfield code="c">txt</subfield><subfield code="2">rdacontent</subfield></datafield><datafield tag="181" ind1="#" ind2="1"><subfield code="6">z01</subfield><subfield code="a">i#</subfield><subfield code="b">xxxe##</subfield></datafield><datafield tag="182" ind1="#" ind2="#"><subfield code="6">z01</subfield><subfield code="c">n</subfield><subfield code="2">rdamedia</subfield></datafield><datafield tag="182" ind1="#" ind2="1"><subfield code="6">z01</subfield><subfield code="a">n</subfield></datafield><datafield tag="200" ind1="1" ind2="#"><subfield code="a">Arconoticias</subfield></datafield><datafield tag="210" ind1="#" ind2="#"><subfield code="a">Madrid</subfield><subfield code="c">IFEMA/Amigos</subfield><subfield code="d">1994-2003</subfield></datafield><datafield tag="326" ind1="#" ind2="#"><subfield code="a">Trimestriel</subfield></datafield><datafield tag="440" ind1="#" ind2="#"><subfield code="0">077555783</subfield><subfield code="t">ARCO, arte contemporáneo</subfield><subfield code="x">1696-6600</subfield></datafield><datafield tag="453" ind1="#" ind2="#"><subfield code="0">077556038</subfield><subfield code="t">Arconoticias (Madrid. English edition)</subfield><subfield code="x">1696-6910</subfield></datafield><datafield tag="517" ind1="#" ind2="#"><subfield code="a">Arco noticias</subfield></datafield><datafield tag="530" ind1="1" ind2="#"><subfield code="a">Arconoticias</subfield><subfield code="b">(Madrid)</subfield></datafield><datafield tag="531" ind1="#" ind2="#"><subfield code="a">Arconoticias</subfield><subfield code="b">(Madr.)</subfield></datafield><datafield tag="606" ind1="#" ind2="#"><subfield code="3">027269418</subfield><subfield code="a">Art</subfield><subfield code="z">20e siècle</subfield><subfield code="2">rameau</subfield></datafield><datafield tag="606" ind1="#" ind2="#"><subfield code="3">027269302</subfield><subfield code="a">Art</subfield><subfield code="3">050665391</subfield><subfield code="z">2000-....</subfield><subfield code="2">rameau</subfield></datafield><datafield tag="608" ind1="#" ind2="#"><subfield code="3">02724640X</subfield><subfield code="a">Périodiques</subfield><subfield code="2">rameau</subfield></datafield><datafield tag="675" ind1="#" ind2="#"><subfield code="a">7</subfield></datafield><datafield tag="676" ind1="#" ind2="#"><subfield code="a">700</subfield></datafield><datafield tag="676" ind1="#" ind2="#"><subfield code="a">709.04</subfield></datafield><datafield tag="712" ind1="0" ind2="2"><subfield code="a">Asociación Amigos de Arco</subfield><subfield code="4">340</subfield></datafield><datafield tag="801" ind1="#" ind2="3"><subfield code="a">FR</subfield><subfield code="b">Abes</subfield><subfield code="c">20231024</subfield><subfield code="g">AFNOR</subfield></datafield><datafield tag="801" ind1="#" ind2="3"><subfield code="a">FR</subfield><subfield code="b">ISSN</subfield><subfield code="c">20030523</subfield></datafield><datafield tag="802" ind1="#" ind2="#"><subfield code="a">0u</subfield></datafield><datafield tag="830" ind1="#" ind2="#"><subfield code="a">Réforme Rameau Genre-Forme retro périos (ne pas supprimer)</subfield></datafield><datafield tag="930" ind1="#" ind2="#"><subfield code="5">315555245:23480193X01</subfield><subfield code="b">315555245</subfield><subfield code="j">f</subfield></datafield><datafield tag="955" ind1="4" ind2="1"><subfield code="5">315555245:23480193X01</subfield><subfield code="b">8</subfield><subfield code="i">1997</subfield></datafield><datafield tag="955" ind1="4" ind2="1"><subfield code="5">315555245:23480193X01</subfield><subfield code="b">10</subfield><subfield code="i">1998</subfield><subfield code="b">26</subfield><subfield code="i">2002</subfield><subfield code="r">no. 8 (1997) ; no. 10 (1998) - no. 26  (2002)</subfield></datafield><datafield tag="940" ind1=" " ind2=" "><subfield code="5">315555245:23480193X01</subfield><subfield code="a">20050623</subfield><subfield code="b">rF</subfield></datafield><datafield tag="941" ind1=" " ind2=" "><subfield code="5">315555245:23480193X01</subfield><subfield code="a">20050623</subfield><subfield code="b">16:23:11.000</subfield></datafield></record>