<record><leader>     cas0 22        450 </leader><controlfield tag="001">037426842</controlfield><controlfield tag="002">90,126,222,232,233,408,418</controlfield><controlfield tag="003">https://www.sudoc.fr/037426842</controlfield><controlfield tag="004">19981218</controlfield><controlfield tag="005">20230328034124.000</controlfield><controlfield tag="006">9999</controlfield><controlfield tag="007">1999</controlfield><controlfield tag="008">Abx3</controlfield><datafield tag="011" ind1="#" ind2="#"><subfield code="a">1132-8428</subfield><subfield code="f">1130-7587</subfield><subfield code="g">1132-8428</subfield></datafield><datafield tag="033" ind1="#" ind2="#"><subfield code="a">https://catalogue.bnf.fr/ark:/12148/cb37578847f</subfield><subfield code="2">BNF</subfield><subfield code="d">20230125</subfield></datafield><datafield tag="034" ind1=" " ind2=" "><subfield code="a">OCoLC</subfield><subfield code="0">35290072</subfield></datafield><datafield tag="035" ind1=" " ind2=" "><subfield code="a">044784422</subfield><subfield code="9">sudoc</subfield></datafield><datafield tag="035" ind1="#" ind2="#"><subfield code="a">ccn1132-8428</subfield></datafield><datafield tag="035" ind1="#" ind2="#"><subfield code="z">ccn7204/9014</subfield></datafield><datafield tag="035" ind1="#" ind2="#"><subfield code="a">ccn7204/9014</subfield></datafield><datafield tag="035" ind1="#" ind2="#"><subfield code="a">issn11328428</subfield></datafield><datafield tag="035" ind1="#" ind2="#"><subfield code="1">418</subfield><subfield code="a">36467</subfield></datafield><datafield tag="100" ind1="#" ind2="#"><subfield code="a">19981218b19922000u  y0frey50      ba</subfield><subfield code="Y">0#</subfield><subfield code="A">1992</subfield><subfield code="B">2000</subfield></datafield><datafield tag="101" ind1="0" ind2="#"><subfield code="a">mul</subfield><subfield code="2">639-2</subfield></datafield><datafield tag="102" ind1="#" ind2="#"><subfield code="a">ES</subfield></datafield><datafield tag="104" ind1="#" ind2="#"><subfield code="a">u</subfield><subfield code="b">y</subfield><subfield code="c">y</subfield><subfield code="d">ba</subfield><subfield code="e">0</subfield><subfield code="f">fre</subfield></datafield><datafield tag="106" ind1="#" ind2="#"><subfield code="a">r</subfield></datafield><datafield tag="110" ind1="#" ind2="#"><subfield code="a">ayy||||0uu|</subfield></datafield><datafield tag="181" ind1="#" ind2="#"><subfield code="6">z02</subfield><subfield code="c">sti</subfield><subfield code="2">rdacontent</subfield></datafield><datafield tag="181" ind1="#" ind2="#"><subfield code="6">z01</subfield><subfield code="c">txt</subfield><subfield code="2">rdacontent</subfield></datafield><datafield tag="181" ind1="#" ind2="1"><subfield code="6">z02</subfield><subfield code="a">b#</subfield><subfield code="b">xb2e##</subfield></datafield><datafield tag="181" ind1="#" ind2="1"><subfield code="6">z01</subfield><subfield code="a">i#</subfield><subfield code="b">xxxe##</subfield></datafield><datafield tag="182" ind1="#" ind2="#"><subfield code="6">z02</subfield><subfield code="c">n</subfield><subfield code="2">rdamedia</subfield></datafield><datafield tag="182" ind1="#" ind2="#"><subfield code="6">z01</subfield><subfield code="c">n</subfield><subfield code="2">rdamedia</subfield></datafield><datafield tag="182" ind1="#" ind2="1"><subfield code="6">z02</subfield><subfield code="a">n</subfield></datafield><datafield tag="182" ind1="#" ind2="1"><subfield code="6">z01</subfield><subfield code="a">n</subfield></datafield><datafield tag="183" ind1="#" ind2="#"><subfield code="6">z01</subfield><subfield code="6">z02</subfield><subfield code="a">nga</subfield><subfield code="2">RDAfrCarrier</subfield></datafield><datafield tag="200" ind1="1" ind2="#"><subfield code="a">Atlántica internacional</subfield></datafield><datafield tag="214" ind1="#" ind2="0"><subfield code="a">Las Palmas de Gran Canaria</subfield><subfield code="c">C.A.A.M</subfield><subfield code="d">1992-</subfield></datafield><datafield tag="319" ind1="#" ind2="#"><subfield code="5">751062312:220391858</subfield><subfield code="a">Reproductible</subfield></datafield><datafield tag="326" ind1="#" ind2="#"><subfield code="a">Trimestriel</subfield></datafield><datafield tag="430" ind1="#" ind2="#"><subfield code="0">038124777</subfield><subfield code="t">Atlántica (Las Palmas de Gran Canaria. 1990)</subfield><subfield code="x">1130-7587</subfield></datafield><datafield tag="440" ind1="#" ind2="#"><subfield code="0">143225561</subfield><subfield code="t">Atlántica (Las Palmas de Gran Canaria. 2000)</subfield><subfield code="x">1889-7207</subfield></datafield><datafield tag="452" ind1="#" ind2="#"><subfield code="0">256873283</subfield><subfield code="t">Atlántica (Las Palmas de Gran Canaria. Internet)</subfield><subfield code="x">2792-3827</subfield></datafield><datafield tag="517" ind1="#" ind2="#"><subfield code="a">Atlántica (Las Palmas de Gran Canaria. 1992)</subfield></datafield><datafield tag="530" ind1="0" ind2="#"><subfield code="a">Atlántica internacional</subfield></datafield><datafield tag="531" ind1="#" ind2="#"><subfield code="a">Atl. int.</subfield></datafield><datafield tag="606" ind1="#" ind2="#"><subfield code="3">027269418</subfield><subfield code="a">Art</subfield><subfield code="z">20e siècle</subfield><subfield code="2">rameau</subfield></datafield><datafield tag="606" ind1="#" ind2="#"><subfield code="3">027269302</subfield><subfield code="a">Art</subfield><subfield code="3">050665391</subfield><subfield code="z">2000-....</subfield><subfield code="2">rameau</subfield></datafield><datafield tag="608" ind1="#" ind2="#"><subfield code="3">02724640X</subfield><subfield code="a">Périodiques</subfield><subfield code="2">rameau</subfield></datafield><datafield tag="675" ind1="#" ind2="#"><subfield code="a">008</subfield></datafield><datafield tag="676" ind1="#" ind2="#"><subfield code="a">705</subfield></datafield><datafield tag="676" ind1="#" ind2="#"><subfield code="a">709</subfield></datafield><datafield tag="680" ind1="#" ind2="#"><subfield code="a">N6480</subfield></datafield><datafield tag="710" ind1="0" ind2="2"><subfield code="a">Centro Atlántico de Arte Moderno</subfield><subfield code="4">651</subfield></datafield><datafield tag="712" ind1="0" ind2="2"><subfield code="3">031739482</subfield><subfield code="a">Centro Atlántico de Arte Moderno</subfield><subfield code="c">Las Palmas de Gran Canaria, Espagne</subfield><subfield code="4">340</subfield></datafield><datafield tag="801" ind1="#" ind2="0"><subfield code="a">32</subfield></datafield><datafield tag="801" ind1="#" ind2="3"><subfield code="a">FR</subfield><subfield code="b">ISSN</subfield><subfield code="c">20230324</subfield></datafield><datafield tag="802" ind1="#" ind2="#"><subfield code="a">0u</subfield></datafield><datafield tag="830" ind1="#" ind2="#"><subfield code="a">Réforme Rameau Genre-Forme retro périos (ne pas supprimer)</subfield></datafield><datafield tag="930" ind1="#" ind2="#"><subfield code="5">315555245:22069353601</subfield><subfield code="b">315555245</subfield><subfield code="j">f</subfield></datafield><datafield tag="955" ind1="4" ind2="1"><subfield code="5">315555245:22069353601</subfield><subfield code="b">5</subfield><subfield code="i">1993</subfield></datafield><datafield tag="955" ind1="4" ind2="1"><subfield code="5">315555245:22069353601</subfield><subfield code="b">13</subfield><subfield code="i">1996</subfield><subfield code="b">17</subfield><subfield code="i">1997</subfield></datafield><datafield tag="955" ind1="4" ind2="1"><subfield code="5">315555245:22069353601</subfield><subfield code="b">22</subfield><subfield code="i">1999</subfield></datafield><datafield tag="955" ind1="4" ind2="1"><subfield code="5">315555245:22069353601</subfield><subfield code="b">25</subfield><subfield code="i">2000</subfield><subfield code="i"/><subfield code="j"/><subfield code="k"/><subfield code="a"/><subfield code="b"/><subfield code="c"/><subfield code="r">no. 5 (1993) ; no. 13 (1996) - no. 17  (1997) ; no. 22 (1999) ; no. 25 (2000)-....</subfield></datafield><datafield tag="940" ind1=" " ind2=" "><subfield code="5">315555245:22069353601</subfield><subfield code="a">20050105</subfield><subfield code="b">xO</subfield></datafield><datafield tag="941" ind1=" " ind2=" "><subfield code="5">315555245:22069353601</subfield><subfield code="a">20050105</subfield><subfield code="b">17:58:07.000</subfield></datafield></record>