<record><leader>     cas0 22        450 </leader><controlfield tag="001">03794357X</controlfield><controlfield tag="002">15,18,21,24,27,35,39,42,45,46,50,56,62,63,67,68,74,75,83,86,88,90,96,104,146,173,200,201,202,203,204,205,206,207,209,210,215,219,220,221,222,223,224,226,227,228,229,230,231,232,233,412,414,420,427,428,432</controlfield><controlfield tag="003">https://www.sudoc.fr/03794357X</controlfield><controlfield tag="004">19901030</controlfield><controlfield tag="005">20250414102332.000</controlfield><controlfield tag="006">9999</controlfield><controlfield tag="007">751063002</controlfield><controlfield tag="008">Abx3</controlfield><datafield tag="011" ind1="#" ind2="#"><subfield code="a">0395-5907</subfield><subfield code="f">0395-5907</subfield></datafield><datafield tag="033" ind1="#" ind2="#"><subfield code="a">https://catalogue.bnf.fr/ark:/12148/cb344011918</subfield><subfield code="2">BNF</subfield><subfield code="d">20191219</subfield></datafield><datafield tag="033" ind1="#" ind2="#"><subfield code="a">https://reseau-mirabel.info/revue/titre-id/21577</subfield><subfield code="2">Mir@bel</subfield><subfield code="d">20230713</subfield></datafield><datafield tag="034" ind1=" " ind2=" "><subfield code="a">OCoLC</subfield><subfield code="0">73252300</subfield></datafield><datafield tag="035" ind1="#" ind2="#"><subfield code="a">ccn0395-5907</subfield></datafield><datafield tag="035" ind1="#" ind2="#"><subfield code="a">issn03955907</subfield></datafield><datafield tag="035" ind1="#" ind2="#"><subfield code="a">MIR_21577</subfield></datafield><datafield tag="035" ind1="#" ind2="#"><subfield code="1">21</subfield><subfield code="a">327521</subfield></datafield><datafield tag="035" ind1="#" ind2="#"><subfield code="1">24</subfield><subfield code="a">532806</subfield></datafield><datafield tag="035" ind1="#" ind2="#"><subfield code="1">74</subfield><subfield code="a">ALP555836</subfield></datafield><datafield tag="100" ind1="#" ind2="#"><subfield code="a">19901030b19761979||||0fre|50      ba</subfield><subfield code="Y">0#</subfield><subfield code="A">1976</subfield><subfield code="B">1979</subfield></datafield><datafield tag="101" ind1="0" ind2="#"><subfield code="a">fre</subfield><subfield code="2">639-2</subfield></datafield><datafield tag="102" ind1="#" ind2="#"><subfield code="a">FR</subfield></datafield><datafield tag="104" ind1="#" ind2="#"><subfield code="d">ba</subfield><subfield code="e">0</subfield><subfield code="f">fre</subfield></datafield><datafield tag="106" ind1="#" ind2="#"><subfield code="a">r</subfield></datafield><datafield tag="110" ind1="#" ind2="#"><subfield code="a">af|||||||||</subfield></datafield><datafield tag="181" ind1="#" ind2="#"><subfield code="6">z01</subfield><subfield code="c">txt</subfield><subfield code="2">rdacontent</subfield></datafield><datafield tag="181" ind1="#" ind2="1"><subfield code="6">z01</subfield><subfield code="a">i#</subfield><subfield code="b">xxxe##</subfield></datafield><datafield tag="182" ind1="#" ind2="#"><subfield code="6">z01</subfield><subfield code="c">n</subfield><subfield code="2">rdamedia</subfield></datafield><datafield tag="182" ind1="#" ind2="1"><subfield code="6">z01</subfield><subfield code="a">n</subfield></datafield><datafield tag="183" ind1="#" ind2="#"><subfield code="6">z01</subfield><subfield code="a">nga</subfield><subfield code="2">RDAfrCarrier</subfield></datafield><datafield tag="200" ind1="1" ind2="#"><subfield code="a">Connaissance des arts</subfield><subfield code="i">Plaisir de France</subfield></datafield><datafield tag="207" ind1="#" ind2="0"><subfield code="a">No.289 (1976) - no.334 (1979)</subfield></datafield><datafield tag="214" ind1="#" ind2="0"><subfield code="a">Paris</subfield><subfield code="c">Société française de promotion artistique</subfield><subfield code="d">1976-1979</subfield></datafield><datafield tag="316" ind1="#" ind2="#"><subfield code="5">674825119:738601101</subfield><subfield code="a">HEARNUM_3_95558</subfield></datafield><datafield tag="318" ind1="#" ind2="#"><subfield code="5">940185201:184135311</subfield><subfield code="a">récolement 2023</subfield></datafield><datafield tag="319" ind1="#" ind2="#"><subfield code="5">330635107:414917243</subfield><subfield code="a">Les collections sont inaccesibles jusqu&apos;en 2026 en raison de travaux</subfield></datafield><datafield tag="319" ind1="#" ind2="#"><subfield code="5">130555109:196725569</subfield><subfield code="a">Les numéros avant 1990 sont consultables sur place</subfield></datafield><datafield tag="326" ind1="#" ind2="#"><subfield code="a">Mensuel</subfield></datafield><datafield tag="436" ind1="#" ind2="#"><subfield code="0">037515985</subfield><subfield code="t">Images de France</subfield><subfield code="x">0153-8101</subfield></datafield><datafield tag="436" ind1="#" ind2="#"><subfield code="0">037943561</subfield><subfield code="t">CA. Connaissance des arts</subfield><subfield code="x">0395-5893</subfield></datafield><datafield tag="436" ind1="#" ind2="#"><subfield code="0">037515888</subfield><subfield code="t">Plaisir de France (1945)</subfield><subfield code="x">0153-8055</subfield></datafield><datafield tag="440" ind1="#" ind2="#"><subfield code="0">001705792</subfield><subfield code="t">Connaissance des arts (1980)</subfield><subfield code="x">0293-9274</subfield></datafield><datafield tag="530" ind1="0" ind2="#"><subfield code="a">Connaissance des arts, Plaisir de France</subfield></datafield><datafield tag="531" ind1="#" ind2="#"><subfield code="a">Connaiss. arts Plaisir Fr.</subfield></datafield><datafield tag="606" ind1="#" ind2="#"><subfield code="3">027269302</subfield><subfield code="a">Art</subfield><subfield code="2">rameau</subfield></datafield><datafield tag="606" ind1="#" ind2="#"><subfield code="1">62</subfield><subfield code="a">Arts</subfield><subfield code="2">rameau</subfield></datafield><datafield tag="608" ind1="#" ind2="#"><subfield code="3">02724640X</subfield><subfield code="a">Périodique</subfield><subfield code="2">rameau</subfield></datafield><datafield tag="675" ind1="#" ind2="#"><subfield code="a">73</subfield></datafield><datafield tag="675" ind1="#" ind2="#"><subfield code="a">75</subfield></datafield><datafield tag="675" ind1="#" ind2="#"><subfield code="a">76</subfield></datafield><datafield tag="675" ind1="#" ind2="#"><subfield code="a">78</subfield></datafield><datafield tag="676" ind1="#" ind2="#"><subfield code="a">709</subfield></datafield><datafield tag="676" ind1="#" ind2="#"><subfield code="a">750</subfield></datafield><datafield tag="686" ind1="#" ind2="#"><subfield code="1">88</subfield><subfield code="a">705</subfield><subfield code="2">DEWBSG</subfield></datafield><datafield tag="801" ind1="#" ind2="3"><subfield code="a">FR</subfield><subfield code="b">Abes</subfield><subfield code="c">20250414</subfield><subfield code="g">AFNOR</subfield></datafield><datafield tag="801" ind1="#" ind2="3"><subfield code="a">FR</subfield><subfield code="b">ISSN</subfield><subfield code="c">20191004</subfield></datafield><datafield tag="802" ind1="#" ind2="#"><subfield code="a">07</subfield></datafield><datafield tag="830" ind1="#" ind2="#"><subfield code="a">Réforme Rameau Genre-Forme retro périos (ne pas supprimer)</subfield></datafield><datafield tag="930" ind1="#" ind2="#"><subfield code="5">315555245:22261478101</subfield><subfield code="b">315555245</subfield><subfield code="z">PCMP</subfield><subfield code="p">Pôle de conservation</subfield><subfield code="j">f</subfield></datafield><datafield tag="955" ind1="4" ind2="1"><subfield code="5">315555245:22261478101</subfield><subfield code="b">289</subfield><subfield code="i">1976</subfield><subfield code="b">334</subfield><subfield code="i">1979</subfield><subfield code="r">no. 289 (1976) - no. 334  (1979)</subfield></datafield><datafield tag="940" ind1=" " ind2=" "><subfield code="5">315555245:22261478101</subfield><subfield code="a">20050207</subfield><subfield code="b">xF</subfield></datafield><datafield tag="941" ind1=" " ind2=" "><subfield code="5">315555245:22261478101</subfield><subfield code="a">20240315</subfield><subfield code="b">10:08:54.000</subfield></datafield></record>