<record><leader>     cas0 22        450 </leader><controlfield tag="001">039035379</controlfield><controlfield tag="002">4,8,9,10,12,15,17,18,21,23,24,25,27,29,35,39,41,42,45,46,50,54,55,56,57,59,62,63,67,68,70,72,74,75,82,83,86,88,90,91,96,98,102,104,126,129,146,156,167,173,178,184,190,200,201,202,203,204,205,206,207,209,210,215,219,220,221,222,223,224,225,226,227,228,229,230,231,232,233,235,408,412,414,418,424,427,428,432</controlfield><controlfield tag="003">https://www.sudoc.fr/039035379</controlfield><controlfield tag="004">19870511</controlfield><controlfield tag="005">20250506110820.000</controlfield><controlfield tag="006">9999</controlfield><controlfield tag="007">751132102</controlfield><controlfield tag="008">Abx3</controlfield><datafield tag="011" ind1="#" ind2="#"><subfield code="a">0029-862X</subfield><subfield code="f">0029-862X</subfield></datafield><datafield tag="033" ind1="#" ind2="#"><subfield code="a">https://reseau-mirabel.info/revue/titre-id/11272</subfield><subfield code="2">Mir@bel</subfield><subfield code="d">20201116</subfield></datafield><datafield tag="033" ind1="#" ind2="#"><subfield code="a">https://catalogue.bnf.fr/ark:/12148/cb344539910</subfield><subfield code="2">BNF</subfield><subfield code="d">20191108</subfield></datafield><datafield tag="034" ind1=" " ind2=" "><subfield code="a">OCoLC</subfield><subfield code="0">473471338</subfield></datafield><datafield tag="035" ind1=" " ind2=" "><subfield code="a">070845131</subfield><subfield code="9">sudoc</subfield></datafield><datafield tag="035" ind1="#" ind2="#"><subfield code="a">ccn7129/0001</subfield></datafield><datafield tag="035" ind1="#" ind2="#"><subfield code="a">ccn0029-862X</subfield></datafield><datafield tag="035" ind1="#" ind2="#"><subfield code="a">MIR_11272</subfield></datafield><datafield tag="035" ind1="#" ind2="#"><subfield code="a">issn0029862X</subfield></datafield><datafield tag="035" ind1="#" ind2="#"><subfield code="a">FRBNF344539910000007</subfield><subfield code="d">20240729</subfield></datafield><datafield tag="035" ind1="#" ind2="#"><subfield code="1">10</subfield><subfield code="a">164230</subfield></datafield><datafield tag="035" ind1="#" ind2="#"><subfield code="1">21</subfield><subfield code="a">162012</subfield></datafield><datafield tag="035" ind1="#" ind2="#"><subfield code="1">74</subfield><subfield code="a">ALP288439</subfield></datafield><datafield tag="035" ind1="#" ind2="#"><subfield code="1">418</subfield><subfield code="a">36441</subfield></datafield><datafield tag="100" ind1="#" ind2="#"><subfield code="a">19870511a19559999u  y0frey50      ba</subfield><subfield code="Y">0#</subfield><subfield code="A">1955</subfield><subfield code="D">1955-...</subfield></datafield><datafield tag="101" ind1="0" ind2="#"><subfield code="a">fre</subfield><subfield code="2">639-2</subfield></datafield><datafield tag="102" ind1="#" ind2="#"><subfield code="a">FR</subfield></datafield><datafield tag="104" ind1="#" ind2="#"><subfield code="a">u</subfield><subfield code="b">y</subfield><subfield code="c">y</subfield><subfield code="d">ba</subfield><subfield code="e">0</subfield><subfield code="f">fre</subfield></datafield><datafield tag="106" ind1="#" ind2="#"><subfield code="a">r</subfield></datafield><datafield tag="110" ind1="#" ind2="#"><subfield code="a">mfazz  0||0</subfield></datafield><datafield tag="181" ind1="#" ind2="#"><subfield code="6">z01</subfield><subfield code="c">txt</subfield><subfield code="2">rdacontent</subfield></datafield><datafield tag="181" ind1="#" ind2="#"><subfield code="6">z02</subfield><subfield code="c">sti</subfield><subfield code="2">rdacontent</subfield></datafield><datafield tag="181" ind1="#" ind2="1"><subfield code="6">z01</subfield><subfield code="a">i#</subfield><subfield code="b">xxxe##</subfield></datafield><datafield tag="181" ind1="#" ind2="1"><subfield code="6">z02</subfield><subfield code="a">b#</subfield><subfield code="b">xb2e##</subfield></datafield><datafield tag="182" ind1="#" ind2="#"><subfield code="6">z01</subfield><subfield code="6">z02</subfield><subfield code="c">n</subfield><subfield code="2">rdamedia</subfield></datafield><datafield tag="182" ind1="#" ind2="1"><subfield code="6">z01</subfield><subfield code="6">z02</subfield><subfield code="a">n</subfield></datafield><datafield tag="183" ind1="#" ind2="#"><subfield code="6">z01</subfield><subfield code="6">z02</subfield><subfield code="a">nga</subfield><subfield code="2">RDAfrCarrier</subfield></datafield><datafield tag="200" ind1="1" ind2="#"><subfield code="a">L&apos;Œil</subfield><subfield code="e">revue d&apos;art mensuelle</subfield></datafield><datafield tag="207" ind1="#" ind2="0"><subfield code="a">No.1(15 janv. 1955)-</subfield></datafield><datafield tag="210" ind1="#" ind2="#"><subfield code="a">Paris</subfield><subfield code="b">67 rue des Saints-Pères</subfield><subfield code="c">L&apos;Oeil</subfield><subfield code="d">1955-</subfield></datafield><datafield tag="210" ind1="0" ind2="#"><subfield code="a">Lausanne</subfield><subfield code="c">Nouvelle Sedo</subfield></datafield><datafield tag="210" ind1="0" ind2="#"><subfield code="a">Paris</subfield><subfield code="c">Serpa</subfield><subfield code="c">diff. Gallimard</subfield></datafield><datafield tag="210" ind1="0" ind2="#"><subfield code="a">Paris</subfield><subfield code="b">19/21 rue Leriche, 75015</subfield><subfield code="c">Artclair éditions</subfield></datafield><datafield tag="210" ind1="1" ind2="#"><subfield code="a">Paris</subfield><subfield code="b">61 rue Daguerre ; 75014</subfield><subfield code="c">Artclair éditions</subfield><subfield code="d">[20..]-</subfield></datafield><datafield tag="215" ind1="#" ind2="#"><subfield code="d">30 cm</subfield></datafield><datafield tag="304" ind1="#" ind2="#"><subfield code="a">Mise à jour du titre : L&apos;Oeil : tout savoir tout savoir tout l&apos;art!</subfield></datafield><datafield tag="316" ind1="#" ind2="#"><subfield code="5">674825119:738600865</subfield><subfield code="a">HEARNUM_3_95641</subfield></datafield><datafield tag="316" ind1="#" ind2="#"><subfield code="5">751132105:292613180</subfield><subfield code="a">Abonnements UPDI</subfield></datafield><datafield tag="317" ind1="#" ind2="#"><subfield code="5">751055228:549319638</subfield><subfield code="a">Legs Jean Bélias</subfield></datafield><datafield tag="318" ind1="#" ind2="#"><subfield code="5">940185201:184139384</subfield><subfield code="a">récolement 2024</subfield></datafield><datafield tag="318" ind1="#" ind2="#"><subfield code="5">940185201:835084264</subfield><subfield code="a">récolement 2024</subfield></datafield><datafield tag="319" ind1="#" ind2="#"><subfield code="5">330635107:415103878</subfield><subfield code="a">Les collections sont inaccesibles jusqu&apos;en 2026 en raison de travaux</subfield></datafield><datafield tag="319" ind1="#" ind2="#"><subfield code="5">130555109:196729920</subfield><subfield code="a">Les numéros avant 1990 sont consultables sur place</subfield></datafield><datafield tag="319" ind1="#" ind2="#"><subfield code="5">751062312:220480494</subfield><subfield code="a">Reproductible</subfield></datafield><datafield tag="326" ind1="#" ind2="#"><subfield code="a">Mensuel</subfield></datafield><datafield tag="421" ind1="#" ind2="#"><subfield code="0">045062463</subfield><subfield code="t">L&apos;Oeil. Hors-série (Paris)</subfield><subfield code="x">1289-5164</subfield></datafield><datafield tag="451" ind1="#" ind2="#"><subfield code="0">19324439X</subfield><subfield code="t">LeJournaldesArts.fr</subfield><subfield code="x">2492-5845</subfield></datafield><datafield tag="451" ind1="#" ind2="#"><subfield code="0">153913959</subfield><subfield code="t">Artclair.com</subfield><subfield code="x">2116-6382</subfield></datafield><datafield tag="517" ind1="#" ind2="#"><subfield code="a">Oeil (Lausanne)</subfield></datafield><datafield tag="520" ind1="1" ind2="#"><subfield code="a">L&apos;Oeil</subfield></datafield><datafield tag="530" ind1="1" ind2="#"><subfield code="a">L&apos;Oeil</subfield><subfield code="b">(Paris)</subfield></datafield><datafield tag="531" ind1="#" ind2="#"><subfield code="a">Œil</subfield><subfield code="b">(Paris)</subfield></datafield><datafield tag="540" ind1="#" ind2="#"><subfield code="a">L&apos;ŒilLausanne</subfield></datafield><datafield tag="606" ind1="#" ind2="#"><subfield code="3">027823563</subfield><subfield code="a">Histoire de l&apos;art</subfield><subfield code="2">rameau</subfield></datafield><datafield tag="606" ind1="#" ind2="#"><subfield code="3">027269302</subfield><subfield code="a">Art</subfield><subfield code="2">rameau</subfield></datafield><datafield tag="606" ind1="#" ind2="#"><subfield code="1">62</subfield><subfield code="a">Arts</subfield><subfield code="2">rameau</subfield></datafield><datafield tag="606" ind1="#" ind2="#"><subfield code="1">88</subfield><subfield code="a">Arts</subfield><subfield code="x">Périodiques</subfield><subfield code="x">FM647</subfield><subfield code="2">FM</subfield></datafield><datafield tag="606" ind1="#" ind2="#"><subfield code="1">178</subfield><subfield code="a">Architecture</subfield><subfield code="2">CAPA</subfield></datafield><datafield tag="608" ind1="#" ind2="#"><subfield code="3">02724640X</subfield><subfield code="a">Périodique</subfield><subfield code="2">rameau</subfield></datafield><datafield tag="675" ind1="#" ind2="#"><subfield code="a">7.01/.09</subfield></datafield><datafield tag="675" ind1="#" ind2="#"><subfield code="a">007.3</subfield></datafield><datafield tag="676" ind1="#" ind2="#"><subfield code="a">700</subfield></datafield><datafield tag="676" ind1="#" ind2="#"><subfield code="a">705</subfield></datafield><datafield tag="680" ind1="#" ind2="#"><subfield code="a">N1 .O28</subfield></datafield><datafield tag="686" ind1="#" ind2="#"><subfield code="a">AA3000</subfield></datafield><datafield tag="686" ind1="#" ind2="#"><subfield code="1">88</subfield><subfield code="a">705</subfield><subfield code="2">DEWBSG</subfield></datafield><datafield tag="701" ind1="#" ind2="1"><subfield code="3">026722909</subfield><subfield code="a">Bernier</subfield><subfield code="b">Georges</subfield><subfield code="f">1911-2001</subfield><subfield code="4">651</subfield></datafield><datafield tag="701" ind1="#" ind2="1"><subfield code="3">028478215</subfield><subfield code="a">Bernier</subfield><subfield code="b">Rosamond</subfield><subfield code="f">1916-2016</subfield><subfield code="4">651</subfield></datafield><datafield tag="712" ind1="0" ind2="2"><subfield code="3">262072858</subfield><subfield code="a">Artclair éditions</subfield><subfield code="c">Paris</subfield><subfield code="4">650</subfield></datafield><datafield tag="801" ind1="#" ind2="0"><subfield code="a">67</subfield></datafield><datafield tag="801" ind1="#" ind2="0"><subfield code="a">32</subfield></datafield><datafield tag="801" ind1="#" ind2="0"><subfield code="a">FR</subfield><subfield code="b">FR-751131015</subfield><subfield code="c">19920826</subfield><subfield code="g">AFNOR</subfield><subfield code="2">intermrc</subfield></datafield><datafield tag="801" ind1="#" ind2="3"><subfield code="a">FR</subfield><subfield code="b">ISSN France</subfield><subfield code="c">20240729</subfield></datafield><datafield tag="802" ind1="#" ind2="#"><subfield code="a">07</subfield></datafield><datafield tag="830" ind1="#" ind2="#"><subfield code="a">Réforme Rameau Genre-Forme retro périos (ne pas supprimer)</subfield></datafield><datafield tag="930" ind1="#" ind2="#"><subfield code="5">315555245:22764977X01</subfield><subfield code="b">315555245</subfield><subfield code="j">f</subfield></datafield><datafield tag="955" ind1="4" ind2="1"><subfield code="5">315555245:22764977X01</subfield><subfield code="b">1</subfield><subfield code="i">1955</subfield><subfield code="b">148</subfield><subfield code="i">1967</subfield></datafield><datafield tag="955" ind1="4" ind2="1"><subfield code="5">315555245:22764977X01</subfield><subfield code="b">188</subfield><subfield code="i">1970</subfield><subfield code="b">189</subfield><subfield code="i">1970</subfield></datafield><datafield tag="955" ind1="4" ind2="1"><subfield code="5">315555245:22764977X01</subfield><subfield code="b">199</subfield><subfield code="i">1971</subfield><subfield code="b">202</subfield><subfield code="i">1971</subfield></datafield><datafield tag="955" ind1="4" ind2="1"><subfield code="5">315555245:22764977X01</subfield><subfield code="b">212</subfield><subfield code="i">1972</subfield><subfield code="b">229</subfield><subfield code="i">1974</subfield></datafield><datafield tag="955" ind1="4" ind2="1"><subfield code="5">315555245:22764977X01</subfield><subfield code="b">231</subfield><subfield code="i">1974</subfield><subfield code="b">310</subfield><subfield code="i">1981</subfield></datafield><datafield tag="955" ind1="4" ind2="1"><subfield code="5">315555245:22764977X01</subfield><subfield code="b">312</subfield><subfield code="i">1981</subfield><subfield code="b">353</subfield><subfield code="i">1984</subfield></datafield><datafield tag="955" ind1="4" ind2="1"><subfield code="5">315555245:22764977X01</subfield><subfield code="b">359</subfield><subfield code="i">1985</subfield><subfield code="b">364</subfield><subfield code="i">1985</subfield></datafield><datafield tag="955" ind1="4" ind2="1"><subfield code="5">315555245:22764977X01</subfield><subfield code="b">374</subfield><subfield code="i">1986</subfield></datafield><datafield tag="955" ind1="4" ind2="1"><subfield code="5">315555245:22764977X01</subfield><subfield code="b">378</subfield><subfield code="i">1987</subfield><subfield code="b">382</subfield><subfield code="i">1987</subfield></datafield><datafield tag="955" ind1="4" ind2="1"><subfield code="5">315555245:22764977X01</subfield><subfield code="b">386</subfield><subfield code="i">1987</subfield><subfield code="b">393</subfield><subfield code="i">1988</subfield></datafield><datafield tag="955" ind1="4" ind2="1"><subfield code="5">315555245:22764977X01</subfield><subfield code="b">416</subfield><subfield code="i">1990</subfield></datafield><datafield tag="955" ind1="4" ind2="1"><subfield code="5">315555245:22764977X01</subfield><subfield code="b">423</subfield><subfield code="i">1990</subfield><subfield code="b">425</subfield><subfield code="i">1990</subfield></datafield><datafield tag="955" ind1="4" ind2="1"><subfield code="5">315555245:22764977X01</subfield><subfield code="b">434</subfield><subfield code="i">1991</subfield></datafield><datafield tag="955" ind1="4" ind2="1"><subfield code="5">315555245:22764977X01</subfield><subfield code="b">440</subfield><subfield code="i">1992</subfield></datafield><datafield tag="955" ind1="4" ind2="1"><subfield code="5">315555245:22764977X01</subfield><subfield code="b">444</subfield><subfield code="i">1992</subfield></datafield><datafield tag="955" ind1="4" ind2="1"><subfield code="5">315555245:22764977X01</subfield><subfield code="b">457</subfield><subfield code="i">1993</subfield></datafield><datafield tag="955" ind1="4" ind2="1"><subfield code="5">315555245:22764977X01</subfield><subfield code="b">459</subfield><subfield code="i">1994</subfield></datafield><datafield tag="955" ind1="4" ind2="1"><subfield code="5">315555245:22764977X01</subfield><subfield code="b">470</subfield><subfield code="i">1995</subfield><subfield code="b">483</subfield><subfield code="i">1996</subfield></datafield><datafield tag="955" ind1="4" ind2="1"><subfield code="5">315555245:22764977X01</subfield><subfield code="b">485</subfield><subfield code="i">1997</subfield><subfield code="b">494</subfield><subfield code="i">1998</subfield></datafield><datafield tag="955" ind1="4" ind2="1"><subfield code="5">315555245:22764977X01</subfield><subfield code="b">496</subfield><subfield code="i">1998</subfield><subfield code="b">542</subfield><subfield code="i">2002</subfield></datafield><datafield tag="955" ind1="4" ind2="1"><subfield code="5">315555245:22764977X01</subfield><subfield code="b">550</subfield><subfield code="i">2003</subfield><subfield code="i"/><subfield code="j"/><subfield code="k"/><subfield code="a"/><subfield code="b"/><subfield code="c"/><subfield code="r">no. 1 (1955) - no. 148  (1967) ; no. 188 (1970) - no. 189  (1970) ; no. 199 (1971) - no. 202  (1971) ; no. 212 (1972) - no. 229  (1974) ; no. 231 (1974) - no. 310  (1981) ; no. 312 (1981) - no. 353  (1984) ; no. 359 (1985) - no. 364  (1985) ; no. 374 (1986) ; no. 378 (1987) - no. 382  (1987) ; no. 386 (1987) - no. 393  (1988) ; no. 416 (1990) ; no. 423 (1990) - no. 425  (1990) ; no. 434 (1991) ; no. 440 (1992) ; no. 444 (1992) ; no. 457 (1993) ; no. 459 (1994) ; no. 470 (1995) - no. 483  (1996) ; no. 485 (1997) - no. 494  (1998) ; no. 496 (1998) - no. 542  (2002) ; no. 550 (2003)-....</subfield></datafield><datafield tag="940" ind1=" " ind2=" "><subfield code="5">315555245:22764977X01</subfield><subfield code="a">20050404</subfield><subfield code="b">xO</subfield></datafield><datafield tag="941" ind1=" " ind2=" "><subfield code="5">315555245:22764977X01</subfield><subfield code="a">20050404</subfield><subfield code="b">18:36:14.000</subfield></datafield></record>