<record><leader>     cas0 22        450 </leader><controlfield tag="001">039126625</controlfield><controlfield tag="002">49,50,62,75,90,200,202,203,204,215,221,222,232,233,408,427</controlfield><controlfield tag="003">https://www.sudoc.fr/039126625</controlfield><controlfield tag="004">19980721</controlfield><controlfield tag="005">20250603093838.000</controlfield><controlfield tag="006">9999</controlfield><controlfield tag="007">674820005</controlfield><controlfield tag="008">Abx3</controlfield><datafield tag="011" ind1="#" ind2="#"><subfield code="a">0173-2781</subfield><subfield code="f">0173-2781</subfield></datafield><datafield tag="033" ind1="#" ind2="#"><subfield code="a">https://catalogue.bnf.fr/ark:/12148/cb34463475k</subfield><subfield code="2">BNF</subfield><subfield code="d">20230511</subfield></datafield><datafield tag="033" ind1="#" ind2="#"><subfield code="a">https://reseau-mirabel.info/revue/titre-id/20453</subfield><subfield code="2">Mir@bel</subfield><subfield code="d">20230601</subfield></datafield><datafield tag="034" ind1=" " ind2=" "><subfield code="a">OCoLC</subfield><subfield code="0">473699459</subfield></datafield><datafield tag="035" ind1="#" ind2="#"><subfield code="a">ccn0173-2781</subfield></datafield><datafield tag="035" ind1="#" ind2="#"><subfield code="a">MIR_20453</subfield></datafield><datafield tag="035" ind1="#" ind2="#"><subfield code="a">issn01732781</subfield></datafield><datafield tag="100" ind1="#" ind2="#"><subfield code="a">19980721a19799999u  y0frey50      ba</subfield><subfield code="Y">0#</subfield><subfield code="A">1979</subfield><subfield code="D">1979-...</subfield></datafield><datafield tag="101" ind1="0" ind2="#"><subfield code="a">ger</subfield><subfield code="2">639-2</subfield></datafield><datafield tag="102" ind1="#" ind2="#"><subfield code="a">DE</subfield></datafield><datafield tag="104" ind1="#" ind2="#"><subfield code="a">u</subfield><subfield code="b">y</subfield><subfield code="c">y</subfield><subfield code="d">ba</subfield><subfield code="e">0</subfield><subfield code="f">fre</subfield></datafield><datafield tag="106" ind1="#" ind2="#"><subfield code="a">r</subfield></datafield><datafield tag="110" ind1="#" ind2="#"><subfield code="a">afu|||||uu|</subfield></datafield><datafield tag="181" ind1="#" ind2="#"><subfield code="6">z01</subfield><subfield code="c">txt</subfield><subfield code="2">rdacontent</subfield></datafield><datafield tag="181" ind1="#" ind2="1"><subfield code="6">z01</subfield><subfield code="a">i#</subfield><subfield code="b">xxxe##</subfield></datafield><datafield tag="182" ind1="#" ind2="#"><subfield code="6">z01</subfield><subfield code="c">n</subfield><subfield code="2">rdamedia</subfield></datafield><datafield tag="182" ind1="#" ind2="1"><subfield code="6">z01</subfield><subfield code="a">n</subfield></datafield><datafield tag="183" ind1="#" ind2="#"><subfield code="6">z01</subfield><subfield code="a">nga</subfield><subfield code="2">RDAfrCarrier</subfield></datafield><datafield tag="200" ind1="1" ind2="#"><subfield code="a">Art</subfield><subfield code="e">das Kunstmagazin</subfield></datafield><datafield tag="210" ind1="#" ind2="#"><subfield code="a">Hamburg</subfield><subfield code="c">Gruner und Jahr</subfield><subfield code="d">1979-</subfield></datafield><datafield tag="215" ind1="#" ind2="#"><subfield code="c">ill.</subfield><subfield code="d">28 cm</subfield></datafield><datafield tag="326" ind1="#" ind2="#"><subfield code="a">Mensuel</subfield></datafield><datafield tag="434" ind1="#" ind2="#"><subfield code="0">036183245</subfield><subfield code="t">Artis (Bern. 1966)</subfield><subfield code="x">0004-3842</subfield></datafield><datafield tag="452" ind1="#" ind2="#"><subfield code="0">271382988</subfield><subfield code="t">Art (Hamburg. Online)</subfield><subfield code="x">2943-7857</subfield></datafield><datafield tag="530" ind1="1" ind2="#"><subfield code="a">Art</subfield><subfield code="b">(Hamburg)</subfield></datafield><datafield tag="531" ind1="#" ind2="#"><subfield code="a">Art</subfield><subfield code="b">(Hambg.)</subfield></datafield><datafield tag="606" ind1="#" ind2="#"><subfield code="3">027269302</subfield><subfield code="a">Art</subfield><subfield code="2">rameau</subfield></datafield><datafield tag="608" ind1="#" ind2="#"><subfield code="3">02724640X</subfield><subfield code="a">Périodique</subfield><subfield code="2">rameau</subfield></datafield><datafield tag="675" ind1="#" ind2="#"><subfield code="a">73</subfield></datafield><datafield tag="675" ind1="#" ind2="#"><subfield code="a">74</subfield></datafield><datafield tag="675" ind1="#" ind2="#"><subfield code="a">75</subfield></datafield><datafield tag="675" ind1="#" ind2="#"><subfield code="a">76</subfield></datafield><datafield tag="675" ind1="#" ind2="#"><subfield code="a">77</subfield></datafield><datafield tag="676" ind1="#" ind2="#"><subfield code="a">700</subfield></datafield><datafield tag="676" ind1="#" ind2="#"><subfield code="a">710</subfield></datafield><datafield tag="676" ind1="#" ind2="#"><subfield code="a">720</subfield></datafield><datafield tag="680" ind1="#" ind2="#"><subfield code="a">N3</subfield></datafield><datafield tag="686" ind1="#" ind2="#"><subfield code="a">AA3000</subfield></datafield><datafield tag="801" ind1="#" ind2="3"><subfield code="a">FR</subfield><subfield code="b">Abes</subfield><subfield code="c">20250603</subfield><subfield code="g">AFNOR</subfield></datafield><datafield tag="801" ind1="#" ind2="3"><subfield code="a">FR</subfield><subfield code="b">ISSN</subfield><subfield code="c">20240731</subfield></datafield><datafield tag="802" ind1="#" ind2="#"><subfield code="a">06</subfield></datafield><datafield tag="830" ind1="#" ind2="#"><subfield code="a">Réforme Rameau Genre-Forme retro périos (ne pas supprimer)</subfield></datafield><datafield tag="830" ind1="#" ind2="#"><subfield code="a">Demande de correction ISSN en cours pour la zone 452 par CR 01 le 2025-06-03 (identifiant Cidemis : 163212)</subfield></datafield><datafield tag="930" ind1="#" ind2="#"><subfield code="5">315555245:21569374401</subfield><subfield code="b">315555245</subfield><subfield code="j">f</subfield></datafield><datafield tag="955" ind1="4" ind2="1"><subfield code="5">315555245:21569374401</subfield><subfield code="b">6</subfield><subfield code="i">1980</subfield><subfield code="b">3</subfield><subfield code="i">1996</subfield></datafield><datafield tag="955" ind1="4" ind2="1"><subfield code="5">315555245:21569374401</subfield><subfield code="b">8</subfield><subfield code="i">1996</subfield><subfield code="b">8</subfield><subfield code="i">1997</subfield></datafield><datafield tag="955" ind1="4" ind2="1"><subfield code="5">315555245:21569374401</subfield><subfield code="b">10</subfield><subfield code="i">1997</subfield><subfield code="i"/><subfield code="j"/><subfield code="k"/><subfield code="a"/><subfield code="b"/><subfield code="c"/><subfield code="r">no. 6 (1980) - no. 3  (1996) ; no. 8 (1996) - no. 8  (1997) ; no. 10 (1997)-....</subfield></datafield><datafield tag="940" ind1=" " ind2=" "><subfield code="5">315555245:21569374401</subfield><subfield code="a">20041021</subfield><subfield code="b">xO</subfield></datafield><datafield tag="941" ind1=" " ind2=" "><subfield code="5">315555245:21569374401</subfield><subfield code="a">20041021</subfield><subfield code="b">11:59:36.000</subfield></datafield></record>