<record><leader>     cas0 22        450 </leader><controlfield tag="001">040267970</controlfield><controlfield tag="002">12,18,22,27,35,41,45,50,51,63,67,82,83,102,146,201,202,203,204,205,206,207,215,220,222,223,224,226,227,228,229,230,231,232,233,408,414,427,428,432</controlfield><controlfield tag="003">https://www.sudoc.fr/040267970</controlfield><controlfield tag="004">19940509</controlfield><controlfield tag="005">20210709122043.000</controlfield><controlfield tag="006">9999</controlfield><controlfield tag="007">751062312</controlfield><controlfield tag="008">Abx3</controlfield><datafield tag="011" ind1="#" ind2="#"><subfield code="a">1254-7298</subfield><subfield code="f">1254-7298</subfield></datafield><datafield tag="033" ind1="#" ind2="#"><subfield code="a">https://catalogue.bnf.fr/ark:/12148/cb345084046</subfield><subfield code="2">BNF</subfield><subfield code="d">20191115</subfield></datafield><datafield tag="034" ind1=" " ind2=" "><subfield code="a">OCoLC</subfield><subfield code="0">474363467</subfield></datafield><datafield tag="035" ind1=" " ind2=" "><subfield code="a">094571929</subfield><subfield code="9">sudoc</subfield></datafield><datafield tag="035" ind1="#" ind2="#"><subfield code="a">ccn1254-7298</subfield></datafield><datafield tag="035" ind1="#" ind2="#"><subfield code="a">issn12547298</subfield></datafield><datafield tag="035" ind1="#" ind2="#"><subfield code="1">82</subfield><subfield code="a">ALP292578</subfield></datafield><datafield tag="100" ind1="#" ind2="#"><subfield code="a">19940509b19942001m  y0frey50      ba</subfield><subfield code="Y">0#</subfield><subfield code="A">1994</subfield><subfield code="B">2001</subfield></datafield><datafield tag="101" ind1="0" ind2="#"><subfield code="a">fre</subfield><subfield code="2">639-2</subfield></datafield><datafield tag="102" ind1="#" ind2="#"><subfield code="a">FR</subfield></datafield><datafield tag="104" ind1="#" ind2="#"><subfield code="a">m</subfield><subfield code="b">y</subfield><subfield code="c">y</subfield><subfield code="d">ba</subfield><subfield code="e">0</subfield><subfield code="f">fre</subfield></datafield><datafield tag="106" ind1="#" ind2="#"><subfield code="a">r</subfield></datafield><datafield tag="110" ind1="#" ind2="#"><subfield code="a">agu||||0uu0</subfield></datafield><datafield tag="181" ind1="#" ind2="#"><subfield code="6">z01</subfield><subfield code="c">txt</subfield><subfield code="2">rdacontent</subfield></datafield><datafield tag="181" ind1="#" ind2="1"><subfield code="6">z01</subfield><subfield code="a">i#</subfield><subfield code="b">xxxe##</subfield></datafield><datafield tag="182" ind1="#" ind2="#"><subfield code="6">z01</subfield><subfield code="c">n</subfield><subfield code="2">rdamedia</subfield></datafield><datafield tag="182" ind1="#" ind2="1"><subfield code="6">z01</subfield><subfield code="a">n</subfield></datafield><datafield tag="183" ind1="#" ind2="#"><subfield code="6">z01</subfield><subfield code="a">nga</subfield><subfield code="2">RDAfrCarrier</subfield></datafield><datafield tag="200" ind1="1" ind2="#"><subfield code="a">Etapes graphiques</subfield><subfield code="f">Pyramyd NTCV</subfield></datafield><datafield tag="207" ind1="#" ind2="1"><subfield code="a">N°1 (1994, mai/juin)- n°73 (2001, mai)</subfield></datafield><datafield tag="214" ind1="#" ind2="0"><subfield code="a">Paris</subfield><subfield code="c">Pyramyd NTCV</subfield><subfield code="d">1994-2001</subfield></datafield><datafield tag="316" ind1="#" ind2="#"><subfield code="5">674825119:647664739</subfield><subfield code="a">HEARNUM_3_95235</subfield></datafield><datafield tag="326" ind1="#" ind2="#"><subfield code="a">Mensuel</subfield></datafield><datafield tag="440" ind1="#" ind2="#"><subfield code="0">097894265</subfield><subfield code="t">Étapes (Éd. française)</subfield><subfield code="x">1774-5160</subfield></datafield><datafield tag="530" ind1="1" ind2="#"><subfield code="a">Etapes graphiques</subfield><subfield code="b">(Paris)</subfield></datafield><datafield tag="531" ind1="#" ind2="#"><subfield code="a">Etapes graph.</subfield><subfield code="b">(Paris)</subfield></datafield><datafield tag="606" ind1="#" ind2="#"><subfield code="3">027230546</subfield><subfield code="a">Communication visuelle</subfield><subfield code="2">rameau</subfield></datafield><datafield tag="606" ind1="#" ind2="#"><subfield code="3">027784878</subfield><subfield code="a">Design</subfield><subfield code="2">rameau</subfield></datafield><datafield tag="608" ind1="#" ind2="#"><subfield code="3">02724640X</subfield><subfield code="a">Périodique</subfield><subfield code="2">rameau</subfield></datafield><datafield tag="675" ind1="#" ind2="#"><subfield code="a">655</subfield></datafield><datafield tag="675" ind1="#" ind2="#"><subfield code="a">659</subfield></datafield><datafield tag="675" ind1="#" ind2="#"><subfield code="a">76</subfield></datafield><datafield tag="676" ind1="#" ind2="#"><subfield code="a">740</subfield></datafield><datafield tag="676" ind1="#" ind2="#"><subfield code="a">760</subfield></datafield><datafield tag="676" ind1="#" ind2="#"><subfield code="a">659</subfield></datafield><datafield tag="710" ind1="0" ind2="2"><subfield code="3">031492045</subfield><subfield code="a">Pyramyd NTCV</subfield><subfield code="4">070</subfield></datafield><datafield tag="801" ind1="#" ind2="3"><subfield code="a">FR</subfield><subfield code="b">ISSN</subfield><subfield code="c">20120524</subfield></datafield><datafield tag="802" ind1="#" ind2="#"><subfield code="a">07</subfield></datafield><datafield tag="830" ind1="#" ind2="#"><subfield code="a">Réforme Rameau Genre-Forme retro périos (ne pas supprimer)</subfield></datafield><datafield tag="930" ind1="#" ind2="#"><subfield code="5">315555245:22315324901</subfield><subfield code="b">315555245</subfield><subfield code="j">f</subfield></datafield><datafield tag="955" ind1="4" ind2="1"><subfield code="5">315555245:22315324901</subfield><subfield code="b">63</subfield><subfield code="i">2000</subfield><subfield code="b">74</subfield><subfield code="i">2001</subfield><subfield code="r">no. 63 (2000) - no. 74  (2001)</subfield></datafield><datafield tag="940" ind1=" " ind2=" "><subfield code="5">315555245:22315324901</subfield><subfield code="a">20050216</subfield><subfield code="b">xF</subfield></datafield><datafield tag="941" ind1=" " ind2=" "><subfield code="5">315555245:22315324901</subfield><subfield code="a">20170314</subfield><subfield code="b">10:07:15.000</subfield></datafield></record>