<record><leader>     cas0 22        450 </leader><controlfield tag="001">040517640</controlfield><controlfield tag="002">50,88,90,201,204,215,219,222,223,227,229,233,408,412,414,431</controlfield><controlfield tag="003">https://www.sudoc.fr/040517640</controlfield><controlfield tag="004">19970122</controlfield><controlfield tag="005">20240523154901.000</controlfield><controlfield tag="006">9999</controlfield><controlfield tag="007">751045204</controlfield><controlfield tag="008">Abx3</controlfield><datafield tag="011" ind1="#" ind2="#"><subfield code="a">1276-8227</subfield><subfield code="f">1276-8227</subfield></datafield><datafield tag="033" ind1="#" ind2="#"><subfield code="a">https://catalogue.bnf.fr/ark:/12148/cb361352195</subfield><subfield code="2">BNF</subfield><subfield code="d">20191108</subfield></datafield><datafield tag="034" ind1=" " ind2=" "><subfield code="a">OCoLC</subfield><subfield code="0">47215390</subfield></datafield><datafield tag="035" ind1="#" ind2="#"><subfield code="a">ccn1276-8227</subfield></datafield><datafield tag="035" ind1="#" ind2="#"><subfield code="a">issn12768227</subfield></datafield><datafield tag="100" ind1="#" ind2="#"><subfield code="a">19970122b19922000m  |0frey50      ba</subfield><subfield code="Y">0#</subfield><subfield code="A">1992</subfield><subfield code="B">2000</subfield></datafield><datafield tag="101" ind1="0" ind2="#"><subfield code="a">mul</subfield><subfield code="2">639-2</subfield></datafield><datafield tag="102" ind1="#" ind2="#"><subfield code="a">FR</subfield></datafield><datafield tag="104" ind1="#" ind2="#"><subfield code="a">m</subfield><subfield code="c">y</subfield><subfield code="d">ba</subfield><subfield code="e">0</subfield><subfield code="f">fre</subfield></datafield><datafield tag="106" ind1="#" ind2="#"><subfield code="a">r</subfield></datafield><datafield tag="110" ind1="#" ind2="#"><subfield code="a">au|||||0|||</subfield></datafield><datafield tag="181" ind1="#" ind2="#"><subfield code="6">z01</subfield><subfield code="c">txt</subfield><subfield code="2">rdacontent</subfield></datafield><datafield tag="181" ind1="#" ind2="1"><subfield code="6">z01</subfield><subfield code="a">i#</subfield><subfield code="b">xxxe##</subfield></datafield><datafield tag="182" ind1="#" ind2="#"><subfield code="6">z01</subfield><subfield code="c">n</subfield><subfield code="2">rdamedia</subfield></datafield><datafield tag="182" ind1="#" ind2="1"><subfield code="6">z01</subfield><subfield code="a">n</subfield></datafield><datafield tag="200" ind1="1" ind2="#"><subfield code="a">Documents sur l&apos;art</subfield></datafield><datafield tag="207" ind1="#" ind2="0"><subfield code="a">N.0(1992)-n.12(2000)</subfield></datafield><datafield tag="210" ind1="#" ind2="#"><subfield code="a">[Dijon]</subfield><subfield code="c">Les Presses du réel</subfield><subfield code="d">1992-2000</subfield></datafield><datafield tag="302" ind1="#" ind2="#"><subfield code="a">Français-anglais</subfield></datafield><datafield tag="326" ind1="#" ind2="#"><subfield code="a">Irrégulier</subfield></datafield><datafield tag="423" ind1="#" ind2="#"><subfield code="0">045069689</subfield><subfield code="t">Documents sur l&apos;art (Collection)</subfield><subfield code="x">1290-7154</subfield></datafield><datafield tag="430" ind1="#" ind2="#"><subfield code="0">038691051</subfield><subfield code="t">Documents sur l&apos;art contemporain (Paris)</subfield><subfield code="x">1167-1645</subfield></datafield><datafield tag="530" ind1="0" ind2="#"><subfield code="a">Documents sur l&apos;art</subfield></datafield><datafield tag="531" ind1="#" ind2="#"><subfield code="a">Doc. art</subfield></datafield><datafield tag="606" ind1="#" ind2="#"><subfield code="3">027269418</subfield><subfield code="a">Art</subfield><subfield code="z">20e siècle</subfield><subfield code="2">rameau</subfield></datafield><datafield tag="606" ind1="#" ind2="#"><subfield code="3">027269302</subfield><subfield code="a">Art</subfield><subfield code="3">050665391</subfield><subfield code="z">2000-....</subfield><subfield code="2">rameau</subfield></datafield><datafield tag="608" ind1="#" ind2="#"><subfield code="3">02724640X</subfield><subfield code="a">Périodiques</subfield><subfield code="2">rameau</subfield></datafield><datafield tag="675" ind1="#" ind2="#"><subfield code="a">7.036(44)</subfield></datafield><datafield tag="676" ind1="#" ind2="#"><subfield code="a">705</subfield></datafield><datafield tag="676" ind1="#" ind2="#"><subfield code="a">709.440 904</subfield></datafield><datafield tag="801" ind1="#" ind2="3"><subfield code="a">FR</subfield><subfield code="b">Abes</subfield><subfield code="c">20240523</subfield><subfield code="g">AFNOR</subfield></datafield><datafield tag="801" ind1="#" ind2="3"><subfield code="a">FR</subfield><subfield code="b">ISSN</subfield><subfield code="c">20000630</subfield></datafield><datafield tag="802" ind1="#" ind2="#"><subfield code="a">07</subfield></datafield><datafield tag="830" ind1="#" ind2="#"><subfield code="a">Réforme Rameau Genre-Forme retro périos (ne pas supprimer)</subfield></datafield><datafield tag="830" ind1="#" ind2="#"><subfield code="a">Demande de correction ISSN par CR15 pour la zone 430</subfield></datafield><datafield tag="930" ind1="#" ind2="#"><subfield code="5">315555245:23736838201</subfield><subfield code="b">315555245</subfield><subfield code="j">f</subfield></datafield><datafield tag="955" ind1="4" ind2="1"><subfield code="5">315555245:23736838201</subfield><subfield code="b">7</subfield><subfield code="i">1995</subfield><subfield code="b">12</subfield><subfield code="i">2000</subfield><subfield code="r">no. 7 (1995) - no. 12  (2000)</subfield></datafield><datafield tag="940" ind1=" " ind2=" "><subfield code="5">315555245:23736838201</subfield><subfield code="a">20050725</subfield><subfield code="b">rF</subfield></datafield><datafield tag="941" ind1=" " ind2=" "><subfield code="5">315555245:23736838201</subfield><subfield code="a">20050725</subfield><subfield code="b">16:41:11.000</subfield></datafield></record>