<record><leader>     cad0 22        450 </leader><controlfield tag="001">040581497</controlfield><controlfield tag="002">35,51,72,75,90,200,215,219,222,223,224,226,408</controlfield><controlfield tag="003">https://www.sudoc.fr/040581497</controlfield><controlfield tag="004">19980119</controlfield><controlfield tag="005">20231206034502.000</controlfield><controlfield tag="006">9999</controlfield><controlfield tag="007">1999</controlfield><controlfield tag="008">Adx3</controlfield><datafield tag="011" ind1="#" ind2="#"><subfield code="a">1285-3690</subfield><subfield code="f">1285-3690</subfield></datafield><datafield tag="033" ind1="#" ind2="#"><subfield code="a">https://catalogue.bnf.fr/ark:/12148/cb36130792d</subfield><subfield code="2">BNF</subfield><subfield code="d">20231205</subfield></datafield><datafield tag="035" ind1="#" ind2="#"><subfield code="a">ccn1285-3690</subfield></datafield><datafield tag="035" ind1="#" ind2="#"><subfield code="a">issn12853690</subfield></datafield><datafield tag="035" ind1="#" ind2="#"><subfield code="a">FRBNF361307920000008</subfield><subfield code="d">20231205</subfield></datafield><datafield tag="100" ind1="#" ind2="#"><subfield code="a">19980119a199 9999u  h0frey50      ba</subfield><subfield code="Y">0#</subfield><subfield code="A">199X</subfield><subfield code="D">199X-...</subfield></datafield><datafield tag="101" ind1="0" ind2="#"><subfield code="a">fre</subfield><subfield code="2">639-2</subfield></datafield><datafield tag="102" ind1="#" ind2="#"><subfield code="a">FR</subfield></datafield><datafield tag="104" ind1="#" ind2="#"><subfield code="a">u</subfield><subfield code="b">h</subfield><subfield code="c">y</subfield><subfield code="d">ba</subfield><subfield code="e">0</subfield><subfield code="f">fre</subfield></datafield><datafield tag="106" ind1="#" ind2="#"><subfield code="a">r</subfield></datafield><datafield tag="110" ind1="#" ind2="#"><subfield code="a">bu|z|||||z|</subfield></datafield><datafield tag="181" ind1="#" ind2="#"><subfield code="6">z01</subfield><subfield code="c">txt</subfield><subfield code="2">rdacontent</subfield></datafield><datafield tag="181" ind1="#" ind2="1"><subfield code="6">z01</subfield><subfield code="a">i#</subfield><subfield code="b">xxxe##</subfield></datafield><datafield tag="182" ind1="#" ind2="#"><subfield code="6">z01</subfield><subfield code="c">n</subfield><subfield code="2">rdamedia</subfield></datafield><datafield tag="182" ind1="#" ind2="1"><subfield code="6">z01</subfield><subfield code="a">n</subfield></datafield><datafield tag="183" ind1="#" ind2="#"><subfield code="6">z01</subfield><subfield code="a">nga</subfield><subfield code="2">RDAfrCarrier</subfield></datafield><datafield tag="200" ind1="1" ind2="#"><subfield code="a">Les Cahiers du Musée national d&apos;art moderne</subfield><subfield code="i">Hors-série-archives</subfield></datafield><datafield tag="210" ind1="#" ind2="#"><subfield code="a">Paris</subfield><subfield code="c">Centre Georges Pompidou</subfield><subfield code="d">[199.]-</subfield></datafield><datafield tag="215" ind1="#" ind2="#"><subfield code="d">26 cm</subfield></datafield><datafield tag="300" ind1="#" ind2="#"><subfield code="a">Notice réd. d&apos;après un vol. de 1997</subfield></datafield><datafield tag="326" ind1="#" ind2="#"><subfield code="a">Collection</subfield></datafield><datafield tag="422" ind1="#" ind2="#"><subfield code="0">039287459</subfield><subfield code="t">Cahiers du Musée national d&apos;art moderne</subfield><subfield code="x">0181-1525</subfield></datafield><datafield tag="530" ind1="1" ind2="#"><subfield code="a">Les Cahiers du Musée national d&apos;art moderne. Hors-série-archives</subfield></datafield><datafield tag="608" ind1="#" ind2="#"><subfield code="3">027444929</subfield><subfield code="a">Collections éditoriales</subfield><subfield code="2">rameau</subfield></datafield><datafield tag="675" ind1="#" ind2="#"><subfield code="a">008</subfield></datafield><datafield tag="676" ind1="#" ind2="#"><subfield code="a">709.04</subfield></datafield><datafield tag="676" ind1="#" ind2="#"><subfield code="a">909</subfield></datafield><datafield tag="680" ind1="#" ind2="#"><subfield code="a">ND553.L58 A3</subfield></datafield><datafield tag="686" ind1="#" ind2="#"><subfield code="a">008</subfield><subfield code="2">Cadre de classement de la Bibliographie nationale française</subfield></datafield><datafield tag="710" ind1="0" ind2="2"><subfield code="3">03336673X</subfield><subfield code="a">Musée national d&apos;art moderne-Centre de création industrielle</subfield><subfield code="c">Paris</subfield><subfield code="4">340</subfield></datafield><datafield tag="801" ind1="#" ind2="3"><subfield code="a">FR</subfield><subfield code="b">Abes</subfield><subfield code="c">20231206</subfield><subfield code="g">AFNOR</subfield></datafield><datafield tag="801" ind1="#" ind2="0"><subfield code="a">FR</subfield><subfield code="b">FR-751131015</subfield><subfield code="c">19980119</subfield><subfield code="g">AFNOR</subfield><subfield code="2">intermrc</subfield></datafield><datafield tag="801" ind1="#" ind2="3"><subfield code="a">FR</subfield><subfield code="b">ISSN France</subfield><subfield code="c">20231205</subfield></datafield><datafield tag="802" ind1="#" ind2="#"><subfield code="a">07</subfield></datafield><datafield tag="930" ind1="#" ind2="#"><subfield code="5">315555245:22251795601</subfield><subfield code="b">315555245</subfield><subfield code="j">f</subfield></datafield><datafield tag="955" ind1="4" ind2="1"><subfield code="5">315555245:22251795601</subfield><subfield code="i">1997</subfield></datafield><datafield tag="955" ind1="4" ind2="1"><subfield code="5">315555245:22251795601</subfield><subfield code="i">1999</subfield><subfield code="r">(1997) ; (1999)</subfield></datafield><datafield tag="940" ind1=" " ind2=" "><subfield code="5">315555245:22251795601</subfield><subfield code="a">20050204</subfield><subfield code="b">xF</subfield></datafield><datafield tag="941" ind1=" " ind2=" "><subfield code="5">315555245:22251795601</subfield><subfield code="a">20050204</subfield><subfield code="b">18:45:59.000</subfield></datafield></record>