<record><leader>     cas0 22        450 </leader><controlfield tag="001">045062463</controlfield><controlfield tag="002">18,35,74,75,90,96,167,201,204,222,226,228,233</controlfield><controlfield tag="003">https://www.sudoc.fr/045062463</controlfield><controlfield tag="004">20000407</controlfield><controlfield tag="005">20221213151139.000</controlfield><controlfield tag="006">1838</controlfield><controlfield tag="007">335220002</controlfield><controlfield tag="008">Abx3</controlfield><datafield tag="011" ind1="#" ind2="#"><subfield code="a">1289-5164</subfield><subfield code="f">1289-5164</subfield></datafield><datafield tag="033" ind1="#" ind2="#"><subfield code="a">https://catalogue.bnf.fr/ark:/12148/cb369480026</subfield><subfield code="2">BNF</subfield><subfield code="d">20191112</subfield></datafield><datafield tag="034" ind1=" " ind2=" "><subfield code="a">OCoLC</subfield><subfield code="0">473573570</subfield></datafield><datafield tag="035" ind1="#" ind2="#"><subfield code="a">ccn1289-5164</subfield></datafield><datafield tag="035" ind1="#" ind2="#"><subfield code="a">issn12895164</subfield></datafield><datafield tag="035" ind1="#" ind2="#"><subfield code="1">74</subfield><subfield code="a">ALP562044</subfield></datafield><datafield tag="100" ind1="#" ind2="#"><subfield code="a">20000407b199 2011u  y0frey50      ba</subfield><subfield code="Y">0#</subfield><subfield code="A">199X</subfield><subfield code="B">2011</subfield></datafield><datafield tag="101" ind1="0" ind2="#"><subfield code="a">fre</subfield><subfield code="2">639-2</subfield></datafield><datafield tag="102" ind1="#" ind2="#"><subfield code="a">FR</subfield></datafield><datafield tag="104" ind1="#" ind2="#"><subfield code="a">u</subfield><subfield code="b">y</subfield><subfield code="c">y</subfield><subfield code="d">ba</subfield><subfield code="e">0</subfield><subfield code="f">fre</subfield></datafield><datafield tag="110" ind1="#" ind2="#"><subfield code="a">ayu||||@uu|</subfield></datafield><datafield tag="181" ind1="#" ind2="#"><subfield code="6">z01</subfield><subfield code="c">txt</subfield><subfield code="2">rdacontent</subfield></datafield><datafield tag="181" ind1="#" ind2="1"><subfield code="6">z01</subfield><subfield code="a">i#</subfield><subfield code="b">xxxe##</subfield></datafield><datafield tag="182" ind1="#" ind2="#"><subfield code="6">z01</subfield><subfield code="c">n</subfield><subfield code="2">rdamedia</subfield></datafield><datafield tag="182" ind1="#" ind2="1"><subfield code="6">z01</subfield><subfield code="a">n</subfield></datafield><datafield tag="200" ind1="1" ind2="#"><subfield code="a">L&apos;Oeil</subfield><subfield code="i">Hors-série</subfield></datafield><datafield tag="210" ind1="#" ind2="#"><subfield code="a">Paris</subfield><subfield code="c">SERPA</subfield><subfield code="d">[199.]-2011</subfield></datafield><datafield tag="422" ind1="#" ind2="#"><subfield code="0">039035379</subfield><subfield code="t">L&apos;Oeil (Paris)</subfield><subfield code="x">0029-862X</subfield></datafield><datafield tag="517" ind1="#" ind2="#"><subfield code="a">Expositions de l&apos;Oeil</subfield></datafield><datafield tag="517" ind1="#" ind2="#"><subfield code="a">Musées de l&apos;Oeil</subfield></datafield><datafield tag="530" ind1="1" ind2="#"><subfield code="a">L&apos;Oeil. Hors-série</subfield><subfield code="b">(Paris)</subfield></datafield><datafield tag="606" ind1="#" ind2="#"><subfield code="3">027269302</subfield><subfield code="a">Art</subfield><subfield code="2">rameau</subfield></datafield><datafield tag="608" ind1="#" ind2="#"><subfield code="3">02724640X</subfield><subfield code="a">Périodiques</subfield><subfield code="2">rameau</subfield></datafield><datafield tag="675" ind1="#" ind2="#"><subfield code="a">7.01/.09</subfield></datafield><datafield tag="675" ind1="#" ind2="#"><subfield code="a">007.3</subfield></datafield><datafield tag="675" ind1="#" ind2="#"><subfield code="a">06.064(44)</subfield></datafield><datafield tag="675" ind1="#" ind2="#"><subfield code="a">069(44)</subfield></datafield><datafield tag="675" ind1="#" ind2="#"><subfield code="a">7.01/.09</subfield></datafield><datafield tag="676" ind1="#" ind2="#"><subfield code="a">705</subfield></datafield><datafield tag="676" ind1="#" ind2="#"><subfield code="a">700</subfield></datafield><datafield tag="801" ind1="#" ind2="3"><subfield code="a">FR</subfield><subfield code="b">Abes</subfield><subfield code="c">20221213</subfield><subfield code="g">AFNOR</subfield></datafield><datafield tag="801" ind1="#" ind2="3"><subfield code="a">FR</subfield><subfield code="b">ISSN</subfield><subfield code="c">20150901</subfield></datafield><datafield tag="802" ind1="#" ind2="#"><subfield code="a">07</subfield></datafield><datafield tag="830" ind1="#" ind2="#"><subfield code="a">Réforme Rameau Genre-Forme retro périos (ne pas supprimer)</subfield></datafield><datafield tag="930" ind1="#" ind2="#"><subfield code="5">315555245:22765095601</subfield><subfield code="b">315555245</subfield><subfield code="j">f</subfield></datafield><datafield tag="955" ind1="4" ind2="1"><subfield code="5">315555245:22765095601</subfield><subfield code="i">1999</subfield></datafield><datafield tag="955" ind1="4" ind2="1"><subfield code="5">315555245:22765095601</subfield><subfield code="i">2000</subfield></datafield><datafield tag="955" ind1="4" ind2="1"><subfield code="5">315555245:22765095601</subfield><subfield code="i">2001</subfield><subfield code="r">(1999) ; (2000) ; (2001)</subfield></datafield><datafield tag="940" ind1=" " ind2=" "><subfield code="5">315555245:22765095601</subfield><subfield code="a">20050404</subfield><subfield code="b">xF</subfield></datafield><datafield tag="941" ind1=" " ind2=" "><subfield code="5">315555245:22765095601</subfield><subfield code="a">20050404</subfield><subfield code="b">18:47:26.000</subfield></datafield></record>