<record><leader>     cas0 22        450 </leader><controlfield tag="001">045079072</controlfield><controlfield tag="002">204,222,233</controlfield><controlfield tag="003">https://www.sudoc.fr/045079072</controlfield><controlfield tag="004">20000407</controlfield><controlfield tag="005">20200422184542.000</controlfield><controlfield tag="006">1838</controlfield><controlfield tag="007">1999</controlfield><controlfield tag="008">Abx3</controlfield><datafield tag="011" ind1="#" ind2="#"><subfield code="a">1292-0770</subfield><subfield code="f">1292-0770</subfield></datafield><datafield tag="033" ind1="#" ind2="#"><subfield code="a">https://catalogue.bnf.fr/ark:/12148/cb369494732</subfield><subfield code="2">BNF</subfield><subfield code="d">20191112</subfield></datafield><datafield tag="035" ind1="#" ind2="#"><subfield code="a">ccn1292-0770</subfield></datafield><datafield tag="035" ind1="#" ind2="#"><subfield code="a">issn12920770</subfield></datafield><datafield tag="100" ind1="#" ind2="#"><subfield code="a">20000407c1999    u  y0frey50      ba</subfield><subfield code="Y">1#</subfield><subfield code="A">1999</subfield></datafield><datafield tag="101" ind1="0" ind2="#"><subfield code="a">fre</subfield><subfield code="2">639-2</subfield></datafield><datafield tag="102" ind1="#" ind2="#"><subfield code="a">FR</subfield></datafield><datafield tag="104" ind1="#" ind2="#"><subfield code="a">u</subfield><subfield code="b">y</subfield><subfield code="c">y</subfield><subfield code="d">ba</subfield><subfield code="e">0</subfield><subfield code="f">fre</subfield></datafield><datafield tag="110" ind1="#" ind2="#"><subfield code="a">aju||||@uu|</subfield></datafield><datafield tag="181" ind1="#" ind2="#"><subfield code="6">z01</subfield><subfield code="c">txt</subfield><subfield code="2">rdacontent</subfield></datafield><datafield tag="181" ind1="#" ind2="1"><subfield code="6">z01</subfield><subfield code="a">i#</subfield><subfield code="b">xxxe##</subfield></datafield><datafield tag="182" ind1="#" ind2="#"><subfield code="6">z01</subfield><subfield code="c">n</subfield><subfield code="2">rdamedia</subfield></datafield><datafield tag="182" ind1="#" ind2="1"><subfield code="6">z01</subfield><subfield code="a">n</subfield></datafield><datafield tag="200" ind1="1" ind2="#"><subfield code="a">Technikart</subfield><subfield code="i">Hors-série</subfield></datafield><datafield tag="207" ind1="#" ind2="0"><subfield code="a">N° 1 (1999, janv.)</subfield></datafield><datafield tag="210" ind1="#" ind2="#"><subfield code="a">Paris</subfield><subfield code="c">Passage du Cheval blanc, 2 rue de la Roquette, 75011</subfield><subfield code="d">1999-</subfield><subfield code="c">Ideo clean</subfield></datafield><datafield tag="422" ind1="#" ind2="#"><subfield code="0">039960498</subfield><subfield code="t">Technik&apos;art (Paris)</subfield><subfield code="x">1162-8731</subfield></datafield><datafield tag="517" ind1="#" ind2="#"><subfield code="a">Technikart Collector ...</subfield></datafield><datafield tag="517" ind1="#" ind2="#"><subfield code="a">Technik&apos;art. Hors-série (Paris)</subfield></datafield><datafield tag="517" ind1="#" ind2="#"><subfield code="a">Collector ... Technikart</subfield></datafield><datafield tag="530" ind1="1" ind2="#"><subfield code="a">Technikart. Hors-série</subfield><subfield code="b">(Paris)</subfield></datafield><datafield tag="606" ind1="#" ind2="#"><subfield code="3">02734827X</subfield><subfield code="a">Art</subfield><subfield code="x">Aspect social</subfield><subfield code="2">rameau</subfield></datafield><datafield tag="606" ind1="#" ind2="#"><subfield code="3">027269418</subfield><subfield code="a">Art</subfield><subfield code="z">20e siècle</subfield><subfield code="2">rameau</subfield></datafield><datafield tag="606" ind1="#" ind2="#"><subfield code="3">027269302</subfield><subfield code="a">Art</subfield><subfield code="3">050665391</subfield><subfield code="z">2000-....</subfield><subfield code="2">rameau</subfield></datafield><datafield tag="608" ind1="#" ind2="#"><subfield code="3">02724640X</subfield><subfield code="a">Périodiques</subfield><subfield code="2">rameau</subfield></datafield><datafield tag="675" ind1="#" ind2="#"><subfield code="a">7</subfield></datafield><datafield tag="675" ind1="#" ind2="#"><subfield code="a">746.4</subfield></datafield><datafield tag="675" ind1="#" ind2="#"><subfield code="a">301</subfield></datafield><datafield tag="676" ind1="#" ind2="#"><subfield code="a">700</subfield></datafield><datafield tag="801" ind1="#" ind2="3"><subfield code="a">FR</subfield><subfield code="b">Abes</subfield><subfield code="c">20200422</subfield><subfield code="g">AFNOR</subfield></datafield><datafield tag="801" ind1="#" ind2="3"><subfield code="a">FR</subfield><subfield code="b">ISSN</subfield><subfield code="c">20150615</subfield></datafield><datafield tag="802" ind1="#" ind2="#"><subfield code="a">07</subfield></datafield><datafield tag="830" ind1="#" ind2="#"><subfield code="a">Réforme Rameau Genre-Forme retro périos (ne pas supprimer)</subfield></datafield><datafield tag="930" ind1="#" ind2="#"><subfield code="5">315555245:22774787901</subfield><subfield code="b">315555245</subfield><subfield code="j">f</subfield></datafield><datafield tag="955" ind1="4" ind2="1"><subfield code="5">315555245:22774787901</subfield><subfield code="b">1</subfield><subfield code="i">1999</subfield><subfield code="r">no. 1 (1999)</subfield></datafield><datafield tag="940" ind1=" " ind2=" "><subfield code="5">315555245:22774787901</subfield><subfield code="a">20050406</subfield><subfield code="b">xF</subfield></datafield><datafield tag="941" ind1=" " ind2=" "><subfield code="5">315555245:22774787901</subfield><subfield code="a">20050406</subfield><subfield code="b">10:43:52.000</subfield></datafield></record>