<record><leader>     cas0 22        450 </leader><controlfield tag="001">045086109</controlfield><controlfield tag="002">63,67,72,90,204,215,222,229,233,428</controlfield><controlfield tag="003">https://www.sudoc.fr/045086109</controlfield><controlfield tag="004">20000407</controlfield><controlfield tag="005">20240328034632.000</controlfield><controlfield tag="006">1838</controlfield><controlfield tag="007">1999</controlfield><controlfield tag="008">Abx3</controlfield><datafield tag="011" ind1="#" ind2="#"><subfield code="a">1293-3929</subfield><subfield code="f">1293-3929</subfield></datafield><datafield tag="033" ind1="#" ind2="#"><subfield code="a">https://catalogue.bnf.fr/ark:/12148/cb36949920v</subfield><subfield code="2">BNF</subfield><subfield code="d">20191112</subfield></datafield><datafield tag="034" ind1=" " ind2=" "><subfield code="a">OCoLC</subfield><subfield code="0">473628109</subfield></datafield><datafield tag="035" ind1="#" ind2="#"><subfield code="a">ccn1293-3929</subfield></datafield><datafield tag="035" ind1="#" ind2="#"><subfield code="a">issn12933929</subfield></datafield><datafield tag="035" ind1="#" ind2="#"><subfield code="a">FRBNF369499200000006</subfield><subfield code="d">20240325</subfield></datafield><datafield tag="100" ind1="#" ind2="#"><subfield code="a">20000407b19992020u  y0frey50      ba</subfield><subfield code="Y">0#</subfield><subfield code="A">1999</subfield><subfield code="B">2020</subfield></datafield><datafield tag="101" ind1="0" ind2="#"><subfield code="a">eng</subfield><subfield code="2">639-2</subfield></datafield><datafield tag="102" ind1="#" ind2="#"><subfield code="a">FR</subfield></datafield><datafield tag="104" ind1="#" ind2="#"><subfield code="a">u</subfield><subfield code="b">y</subfield><subfield code="c">y</subfield><subfield code="d">ba</subfield><subfield code="e">0</subfield><subfield code="f">fre</subfield></datafield><datafield tag="106" ind1="#" ind2="#"><subfield code="a">r</subfield></datafield><datafield tag="110" ind1="#" ind2="#"><subfield code="a">aku||||@uu|</subfield></datafield><datafield tag="181" ind1="#" ind2="#"><subfield code="6">z01</subfield><subfield code="c">txt</subfield><subfield code="2">rdacontent</subfield></datafield><datafield tag="181" ind1="#" ind2="1"><subfield code="6">z01</subfield><subfield code="a">i#</subfield><subfield code="b">xxxe##</subfield></datafield><datafield tag="182" ind1="#" ind2="#"><subfield code="6">z01</subfield><subfield code="c">n</subfield><subfield code="2">rdamedia</subfield></datafield><datafield tag="182" ind1="#" ind2="1"><subfield code="6">z01</subfield><subfield code="a">n</subfield></datafield><datafield tag="183" ind1="#" ind2="#"><subfield code="6">z01</subfield><subfield code="a">nga</subfield><subfield code="2">RDAfrCarrier</subfield></datafield><datafield tag="200" ind1="1" ind2="#"><subfield code="a">Intramuros</subfield><subfield code="i">Hors-série</subfield></datafield><datafield tag="207" ind1="#" ind2="0"><subfield code="a">N ° 1 (1999)-2020</subfield></datafield><datafield tag="214" ind1="#" ind2="0"><subfield code="a">Issy-les-Moulineaux</subfield><subfield code="b">35 rue Gabriel-Péri, 92130</subfield><subfield code="c">Intramuros</subfield><subfield code="d">1999-2020</subfield></datafield><datafield tag="215" ind1="#" ind2="#"><subfield code="d">21 cm</subfield></datafield><datafield tag="300" ind1="#" ind2="#"><subfield code="a">Texte en français et en anglais</subfield></datafield><datafield tag="326" ind1="#" ind2="#"><subfield code="a">Annuel</subfield></datafield><datafield tag="422" ind1="#" ind2="#"><subfield code="0">039790231</subfield><subfield code="t">Intramuros (Paris)</subfield><subfield code="x">0769-3710</subfield></datafield><datafield tag="488" ind1="#" ind2="#"><subfield code="0">160810434</subfield><subfield code="t">Design index (Paris)</subfield><subfield code="x">2258-4846</subfield></datafield><datafield tag="530" ind1="1" ind2="#"><subfield code="a">Intramuros. Hors-série</subfield></datafield><datafield tag="606" ind1="#" ind2="#"><subfield code="3">027784878</subfield><subfield code="a">Design</subfield><subfield code="2">rameau</subfield></datafield><datafield tag="608" ind1="#" ind2="#"><subfield code="3">02724640X</subfield><subfield code="a">Périodiques</subfield><subfield code="2">rameau</subfield></datafield><datafield tag="675" ind1="#" ind2="#"><subfield code="a">64.01</subfield></datafield><datafield tag="675" ind1="#" ind2="#"><subfield code="a">72</subfield></datafield><datafield tag="675" ind1="#" ind2="#"><subfield code="a">747</subfield></datafield><datafield tag="676" ind1="#" ind2="#"><subfield code="a">745.2/05</subfield></datafield><datafield tag="676" ind1="#" ind2="#"><subfield code="a">640</subfield><subfield code="v">23</subfield></datafield><datafield tag="676" ind1="#" ind2="#"><subfield code="a">720</subfield><subfield code="v">23</subfield></datafield><datafield tag="676" ind1="#" ind2="#"><subfield code="a">747</subfield><subfield code="v">23</subfield></datafield><datafield tag="686" ind1="#" ind2="#"><subfield code="a">640</subfield><subfield code="2">Cadre de classement de la Bibliographie nationale française</subfield></datafield><datafield tag="801" ind1="#" ind2="3"><subfield code="a">FR</subfield><subfield code="b">Abes</subfield><subfield code="c">20240328</subfield><subfield code="g">AFNOR</subfield></datafield><datafield tag="801" ind1="#" ind2="0"><subfield code="a">FR</subfield><subfield code="b">FR-751131015</subfield><subfield code="c">19990222</subfield><subfield code="g">AFNOR</subfield><subfield code="2">intermrc</subfield></datafield><datafield tag="801" ind1="#" ind2="3"><subfield code="a">FR</subfield><subfield code="b">ISSN France</subfield><subfield code="c">20240325</subfield></datafield><datafield tag="802" ind1="#" ind2="#"><subfield code="a">07</subfield></datafield><datafield tag="830" ind1="#" ind2="#"><subfield code="a">Réforme Rameau Genre-Forme retro périos (ne pas supprimer)</subfield></datafield><datafield tag="930" ind1="#" ind2="#"><subfield code="5">315555245:22685678X01</subfield><subfield code="b">315555245</subfield><subfield code="j">f</subfield></datafield><datafield tag="955" ind1="4" ind2="1"><subfield code="5">315555245:22685678X01</subfield><subfield code="i">2001</subfield><subfield code="i"/><subfield code="j"/><subfield code="k"/><subfield code="a"/><subfield code="b"/><subfield code="c"/><subfield code="r">(2001)-....</subfield></datafield><datafield tag="940" ind1=" " ind2=" "><subfield code="5">315555245:22685678X01</subfield><subfield code="a">20050331</subfield><subfield code="b">xO</subfield></datafield><datafield tag="941" ind1=" " ind2=" "><subfield code="5">315555245:22685678X01</subfield><subfield code="a">20050331</subfield><subfield code="b">16:50:04.000</subfield></datafield></record>