<record><leader>     cas0 22        450 </leader><controlfield tag="001">045093288</controlfield><controlfield tag="002">22,62,63,67,88,90,102,107,178,201,204,215,220,222,223,224,226,227,229,230,232,233,408,428</controlfield><controlfield tag="003">https://www.sudoc.fr/045093288</controlfield><controlfield tag="004">20000407</controlfield><controlfield tag="005">20200310133145.000</controlfield><controlfield tag="006">1838</controlfield><controlfield tag="007">751165107</controlfield><controlfield tag="008">Abx3</controlfield><datafield tag="011" ind1="#" ind2="#"><subfield code="a">1294-811X</subfield><subfield code="f">1294-811X</subfield></datafield><datafield tag="033" ind1="#" ind2="#"><subfield code="a">https://catalogue.bnf.fr/ark:/12148/cb369512802</subfield><subfield code="2">BNF</subfield><subfield code="d">20191202</subfield></datafield><datafield tag="034" ind1=" " ind2=" "><subfield code="a">OCoLC</subfield><subfield code="0">45919022</subfield></datafield><datafield tag="035" ind1="#" ind2="#"><subfield code="a">ccn1294-811X</subfield></datafield><datafield tag="035" ind1="#" ind2="#"><subfield code="a">issn1294811X</subfield></datafield><datafield tag="100" ind1="#" ind2="#"><subfield code="a">20000407b19992002u  y0frey50      ba</subfield><subfield code="Y">0#</subfield><subfield code="A">1999</subfield><subfield code="B">2002</subfield></datafield><datafield tag="101" ind1="0" ind2="#"><subfield code="a">fre</subfield><subfield code="2">639-2</subfield></datafield><datafield tag="102" ind1="#" ind2="#"><subfield code="a">FR</subfield></datafield><datafield tag="104" ind1="#" ind2="#"><subfield code="a">u</subfield><subfield code="b">y</subfield><subfield code="c">y</subfield><subfield code="d">ba</subfield><subfield code="e">0</subfield><subfield code="f">fre</subfield></datafield><datafield tag="106" ind1="#" ind2="#"><subfield code="a">r</subfield></datafield><datafield tag="110" ind1="#" ind2="#"><subfield code="a">afu||||0uu|</subfield></datafield><datafield tag="181" ind1="#" ind2="#"><subfield code="6">z01</subfield><subfield code="c">txt</subfield><subfield code="2">rdacontent</subfield></datafield><datafield tag="181" ind1="#" ind2="1"><subfield code="6">z01</subfield><subfield code="a">i#</subfield><subfield code="b">xxxe##</subfield></datafield><datafield tag="182" ind1="#" ind2="#"><subfield code="6">z01</subfield><subfield code="c">n</subfield><subfield code="2">rdamedia</subfield></datafield><datafield tag="182" ind1="#" ind2="1"><subfield code="6">z01</subfield><subfield code="a">n</subfield></datafield><datafield tag="183" ind1="#" ind2="#"><subfield code="6">z01</subfield><subfield code="a">nga</subfield><subfield code="2">RDAfrCarrier</subfield></datafield><datafield tag="200" ind1="1" ind2="#"><subfield code="a">Parpaings</subfield><subfield code="e">architecture art &gt; paysage</subfield></datafield><datafield tag="207" ind1="#" ind2="0"><subfield code="a">No.1(1999,mar)-no.34(2002,jun)</subfield></datafield><datafield tag="210" ind1="#" ind2="#"><subfield code="a">Paris</subfield><subfield code="c">J.-M. Place</subfield><subfield code="d">1999-2002</subfield></datafield><datafield tag="215" ind1="#" ind2="#"><subfield code="d">42 cm</subfield></datafield><datafield tag="326" ind1="#" ind2="#"><subfield code="a">Mensuel</subfield></datafield><datafield tag="530" ind1="1" ind2="#"><subfield code="a">Parpaings</subfield><subfield code="b">(Paris)</subfield></datafield><datafield tag="531" ind1="#" ind2="#"><subfield code="a">Parpaings</subfield><subfield code="b">(Paris)</subfield></datafield><datafield tag="606" ind1="#" ind2="#"><subfield code="3">160694876</subfield><subfield code="a">Architecture</subfield><subfield code="z">21e siècle</subfield><subfield code="2">rameau</subfield></datafield><datafield tag="606" ind1="#" ind2="#"><subfield code="1">178</subfield><subfield code="a">Architecture</subfield><subfield code="2">CAPA</subfield></datafield><datafield tag="608" ind1="#" ind2="#"><subfield code="3">02724640X</subfield><subfield code="a">Périodiques</subfield><subfield code="2">rameau</subfield></datafield><datafield tag="675" ind1="#" ind2="#"><subfield code="a">72</subfield></datafield><datafield tag="676" ind1="#" ind2="#"><subfield code="a">709.04</subfield></datafield><datafield tag="676" ind1="#" ind2="#"><subfield code="a">720</subfield></datafield><datafield tag="801" ind1="#" ind2="3"><subfield code="a">FR</subfield><subfield code="b">Abes</subfield><subfield code="c">20200310</subfield><subfield code="g">AFNOR</subfield></datafield><datafield tag="801" ind1="#" ind2="3"><subfield code="a">FR</subfield><subfield code="b">ISSN</subfield><subfield code="c">20120906</subfield></datafield><datafield tag="802" ind1="#" ind2="#"><subfield code="a">07</subfield></datafield><datafield tag="930" ind1="#" ind2="#"><subfield code="5">315555245:23728982201</subfield><subfield code="b">315555245</subfield><subfield code="j">f</subfield></datafield><datafield tag="955" ind1="4" ind2="1"><subfield code="5">315555245:23728982201</subfield><subfield code="b">13</subfield><subfield code="i">2000</subfield><subfield code="b">24</subfield><subfield code="i">2001</subfield></datafield><datafield tag="955" ind1="4" ind2="1"><subfield code="5">315555245:23728982201</subfield><subfield code="b">26</subfield><subfield code="i">2001</subfield><subfield code="b">34</subfield><subfield code="i">2002</subfield><subfield code="r">no. 13 (2000) - no. 24  (2001) ; no. 26 (2001) - no. 34  (2002)</subfield></datafield><datafield tag="940" ind1=" " ind2=" "><subfield code="5">315555245:23728982201</subfield><subfield code="a">20050722</subfield><subfield code="b">rF</subfield></datafield><datafield tag="941" ind1=" " ind2=" "><subfield code="5">315555245:23728982201</subfield><subfield code="a">20050722</subfield><subfield code="b">18:16:17.000</subfield></datafield></record>