<record><leader>     cas0 22        450 </leader><controlfield tag="001">05882863X</controlfield><controlfield tag="002">45,62,63,80,90,102,200,202,204,205,215,220,222,223,227,229,230,232,233,408,427,428</controlfield><controlfield tag="003">https://www.sudoc.fr/05882863X</controlfield><controlfield tag="004">20010829</controlfield><controlfield tag="005">20211111155030.000</controlfield><controlfield tag="006">999999998</controlfield><controlfield tag="007">870850002</controlfield><controlfield tag="008">Abx3</controlfield><datafield tag="011" ind1="#" ind2="#"><subfield code="a">1629-8284</subfield><subfield code="f">1629-8284</subfield></datafield><datafield tag="033" ind1="#" ind2="#"><subfield code="a">https://catalogue.bnf.fr/ark:/12148/cb371313602</subfield><subfield code="2">BNF</subfield><subfield code="d">20191112</subfield></datafield><datafield tag="034" ind1=" " ind2=" "><subfield code="a">OCoLC</subfield><subfield code="0">473855959</subfield></datafield><datafield tag="035" ind1="#" ind2="#"><subfield code="a">issn16298284</subfield></datafield><datafield tag="035" ind1="#" ind2="#"><subfield code="1">202</subfield><subfield code="a">902177</subfield></datafield><datafield tag="100" ind1="#" ind2="#"><subfield code="a">20010829b20002006u  y0frey50      ba</subfield><subfield code="Y">0#</subfield><subfield code="A">2000</subfield><subfield code="B">2006</subfield></datafield><datafield tag="101" ind1="0" ind2="#"><subfield code="a">fre</subfield><subfield code="2">639-2</subfield></datafield><datafield tag="102" ind1="#" ind2="#"><subfield code="a">FR</subfield></datafield><datafield tag="104" ind1="#" ind2="#"><subfield code="a">u</subfield><subfield code="b">y</subfield><subfield code="c">y</subfield><subfield code="d">ba</subfield><subfield code="e">0</subfield><subfield code="f">fre</subfield></datafield><datafield tag="106" ind1="#" ind2="#"><subfield code="a">r</subfield></datafield><datafield tag="110" ind1="#" ind2="#"><subfield code="a">ahu||||@uu|</subfield></datafield><datafield tag="181" ind1="#" ind2="#"><subfield code="6">z01</subfield><subfield code="c">txt</subfield><subfield code="2">rdacontent</subfield></datafield><datafield tag="181" ind1="#" ind2="1"><subfield code="6">z01</subfield><subfield code="a">i#</subfield><subfield code="b">xxxe##</subfield></datafield><datafield tag="182" ind1="#" ind2="#"><subfield code="6">z01</subfield><subfield code="c">n</subfield><subfield code="2">rdamedia</subfield></datafield><datafield tag="182" ind1="#" ind2="1"><subfield code="6">z01</subfield><subfield code="a">n</subfield></datafield><datafield tag="183" ind1="#" ind2="#"><subfield code="6">z01</subfield><subfield code="a">nga</subfield><subfield code="2">RDAfrCarrier</subfield></datafield><datafield tag="200" ind1="1" ind2="#"><subfield code="a">Rézo international</subfield><subfield code="e">échanges, cultures et réseaux du monde entier</subfield><subfield code="f">Association française d&apos;action artistique</subfield></datafield><datafield tag="207" ind1="#" ind2="0"><subfield code="a">N ° 1 (2000,printemps)-n° 20 (2006,mars/mai)</subfield></datafield><datafield tag="214" ind1="#" ind2="0"><subfield code="a">Paris</subfield><subfield code="c">AFAA</subfield><subfield code="d">2000-2006</subfield></datafield><datafield tag="305" ind1="#" ind2="#"><subfield code="a">Un numéro zéro est paru en octobre 1999 sous le titre &quot;Zéro international&quot;</subfield></datafield><datafield tag="316" ind1="#" ind2="#"><subfield code="5">341722103:428813046</subfield><subfield code="a">Le numéro 14 de 2004 contient une annonce de rétrospective sur Jean Cocteau à Montréal (p. 20)</subfield></datafield><datafield tag="316" ind1="#" ind2="#"><subfield code="5">674825119:646902296</subfield><subfield code="a">HEARNUM_3_95918</subfield></datafield><datafield tag="326" ind1="#" ind2="#"><subfield code="a">Trimestriel (trois numéros par an)</subfield></datafield><datafield tag="440" ind1="#" ind2="#"><subfield code="0">112875254</subfield><subfield code="t">Culturesfrance monde</subfield><subfield code="x">1955-5296</subfield></datafield><datafield tag="530" ind1="0" ind2="#"><subfield code="a">Rézo international</subfield></datafield><datafield tag="606" ind1="#" ind2="#"><subfield code="3">027269418</subfield><subfield code="a">Art</subfield><subfield code="z">20e siècle</subfield><subfield code="2">rameau</subfield></datafield><datafield tag="606" ind1="#" ind2="#"><subfield code="3">027269302</subfield><subfield code="a">Art</subfield><subfield code="3">050665391</subfield><subfield code="z">2000-....</subfield><subfield code="2">rameau</subfield></datafield><datafield tag="606" ind1="#" ind2="#"><subfield code="3">027416593</subfield><subfield code="a">Politique culturelle</subfield><subfield code="3">027226794</subfield><subfield code="y">France</subfield><subfield code="2">rameau</subfield></datafield><datafield tag="608" ind1="#" ind2="#"><subfield code="3">02724640X</subfield><subfield code="a">Périodiques</subfield><subfield code="2">rameau</subfield></datafield><datafield tag="675" ind1="#" ind2="#"><subfield code="a">7.01/09</subfield></datafield><datafield tag="676" ind1="#" ind2="#"><subfield code="a">700</subfield></datafield><datafield tag="676" ind1="#" ind2="#"><subfield code="a">709.04</subfield></datafield><datafield tag="710" ind1="0" ind2="2"><subfield code="3">033845565</subfield><subfield code="a">Association française d&apos;action artistique</subfield><subfield code="c">Paris, France</subfield><subfield code="4">651</subfield></datafield><datafield tag="801" ind1="#" ind2="3"><subfield code="a">FR</subfield><subfield code="b">Abes</subfield><subfield code="c">20211111</subfield><subfield code="g">AFNOR</subfield></datafield><datafield tag="801" ind1="#" ind2="3"><subfield code="a">FR</subfield><subfield code="b">ISSN</subfield><subfield code="c">20150817</subfield></datafield><datafield tag="802" ind1="#" ind2="#"><subfield code="a">07</subfield></datafield><datafield tag="830" ind1="#" ind2="#"><subfield code="a">Réforme Rameau Genre-Forme retro périos (ne pas supprimer)</subfield></datafield><datafield tag="930" ind1="#" ind2="#"><subfield code="5">315555245:23739025601</subfield><subfield code="b">315555245</subfield><subfield code="j">f</subfield></datafield><datafield tag="955" ind1="4" ind2="1"><subfield code="5">315555245:23739025601</subfield><subfield code="b">0</subfield><subfield code="i">1999</subfield></datafield><datafield tag="955" ind1="4" ind2="1"><subfield code="5">315555245:23739025601</subfield><subfield code="b">2</subfield><subfield code="i">2000</subfield><subfield code="b">10</subfield><subfield code="i">2003</subfield><subfield code="r">no. 0 (1999) ; no. 2 (2000) - no. 10  (2003)</subfield></datafield><datafield tag="940" ind1=" " ind2=" "><subfield code="5">315555245:23739025601</subfield><subfield code="a">20050726</subfield><subfield code="b">rF</subfield></datafield><datafield tag="941" ind1=" " ind2=" "><subfield code="5">315555245:23739025601</subfield><subfield code="a">20050726</subfield><subfield code="b">11:25:33.000</subfield></datafield></record>