<record><leader>     cas0 22        450 </leader><controlfield tag="001">097894265</controlfield><controlfield tag="002">4,8,10,12,15,18,19,20,23,24,27,35,36,39,40,42,45,46,49,50,51,53,54,57,59,61,63,67,68,70,72,80,82,83,85,91,102,108,167,172,185,200,201,202,203,204,205,206,207,209,210,215,219,220,222,223,224,226,227,228,229,230,231,232,233,408,414,427,428,432</controlfield><controlfield tag="003">https://www.sudoc.fr/097894265</controlfield><controlfield tag="004">20060309</controlfield><controlfield tag="005">20250212105209.000</controlfield><controlfield tag="006">383972301</controlfield><controlfield tag="007">751152202</controlfield><controlfield tag="008">Abx3</controlfield><datafield tag="010" ind1="#" ind2="#"><subfield code="9">9791095991182</subfield><subfield code="9">9791092227543</subfield><subfield code="9">9791092227550</subfield><subfield code="9">9791072227512</subfield><subfield code="9">9791072227529</subfield><subfield code="9">9791092227567</subfield><subfield code="9">9791092227345</subfield><subfield code="9">9791092227581</subfield><subfield code="9">A979-10-92227-60-4</subfield><subfield code="9">979-10-92227-62-8</subfield><subfield code="9">A979-10-92227-61-1</subfield></datafield><datafield tag="011" ind1="#" ind2="#"><subfield code="a">1774-5160</subfield><subfield code="f">1774-5160</subfield></datafield><datafield tag="033" ind1="#" ind2="#"><subfield code="a">https://catalogue.bnf.fr/ark:/12148/cb40008039f</subfield><subfield code="2">BNF</subfield><subfield code="d">20191115</subfield></datafield><datafield tag="034" ind1=" " ind2=" "><subfield code="a">OCoLC</subfield><subfield code="0">421669136</subfield></datafield><datafield tag="035" ind1=" " ind2=" "><subfield code="a">060842512</subfield><subfield code="9">sudoc</subfield></datafield><datafield tag="035" ind1="#" ind2="#"><subfield code="a">issn17745160</subfield></datafield><datafield tag="035" ind1="#" ind2="#"><subfield code="a">FRBNF400080390000005</subfield><subfield code="d">20240212</subfield></datafield><datafield tag="035" ind1="#" ind2="#"><subfield code="1">54</subfield><subfield code="a">alp000298514</subfield></datafield><datafield tag="035" ind1="#" ind2="#"><subfield code="1">82</subfield><subfield code="a">ALP314529</subfield></datafield><datafield tag="035" ind1="#" ind2="#"><subfield code="1">172</subfield><subfield code="a">ALP000083776</subfield></datafield><datafield tag="100" ind1="#" ind2="#"><subfield code="a">20060309a20019999u  y0frey50      ba</subfield><subfield code="Y">0#</subfield><subfield code="A">2001</subfield><subfield code="D">2001-...</subfield></datafield><datafield tag="101" ind1="0" ind2="#"><subfield code="a">fre</subfield><subfield code="2">639-2</subfield></datafield><datafield tag="102" ind1="#" ind2="#"><subfield code="a">FR</subfield></datafield><datafield tag="104" ind1="#" ind2="#"><subfield code="a">u</subfield><subfield code="b">y</subfield><subfield code="c">y</subfield><subfield code="d">ba</subfield><subfield code="e">0</subfield><subfield code="f">fre</subfield></datafield><datafield tag="106" ind1="#" ind2="#"><subfield code="a">r</subfield></datafield><datafield tag="110" ind1="#" ind2="#"><subfield code="a">jf|z|||0|||</subfield></datafield><datafield tag="181" ind1="#" ind2="#"><subfield code="6">z01</subfield><subfield code="c">txt</subfield><subfield code="2">rdacontent</subfield></datafield><datafield tag="181" ind1="#" ind2="1"><subfield code="6">z01</subfield><subfield code="a">i#</subfield><subfield code="b">xxxe##</subfield></datafield><datafield tag="182" ind1="#" ind2="#"><subfield code="6">z01</subfield><subfield code="c">n</subfield><subfield code="2">rdamedia</subfield></datafield><datafield tag="182" ind1="#" ind2="1"><subfield code="6">z01</subfield><subfield code="a">n</subfield></datafield><datafield tag="183" ind1="#" ind2="#"><subfield code="6">z01</subfield><subfield code="a">nga</subfield><subfield code="2">RDAfrCarrier</subfield></datafield><datafield tag="200" ind1="1" ind2="#"><subfield code="a">Étapes</subfield><subfield code="e">graphisme design image création</subfield></datafield><datafield tag="207" ind1="#" ind2="1"><subfield code="a">No. 74 (juin 2001)-</subfield></datafield><datafield tag="214" ind1="#" ind2="0"><subfield code="a">Paris</subfield><subfield code="b">15 rue de Turbigo ; 75002</subfield><subfield code="c">Pyramyd NTCV</subfield><subfield code="d">2001-</subfield></datafield><datafield tag="214" ind1="0" ind2="0"><subfield code="a">Paris</subfield><subfield code="b">15 rue de Turbigo ; 75002</subfield><subfield code="c">Pyramyd NTCV</subfield><subfield code="d">2001-2023</subfield></datafield><datafield tag="214" ind1="1" ind2="0"><subfield code="a">Paris</subfield><subfield code="b">66 avenue des Champs Élysées ; 75008</subfield><subfield code="c">PLESS</subfield><subfield code="d">2024-</subfield></datafield><datafield tag="215" ind1="#" ind2="#"><subfield code="d">28 cm</subfield></datafield><datafield tag="300" ind1="#" ind2="#"><subfield code="a">Sommaires</subfield><subfield code="u">http://www.etapes.com</subfield></datafield><datafield tag="300" ind1="#" ind2="#"><subfield code="a">Devient bimestriel lors de l&apos;édition de novembre-décembre 2012</subfield></datafield><datafield tag="304" ind1="#" ind2="#"><subfield code="a">Mise à jour du titre : Étapes : design et culture visuelle</subfield></datafield><datafield tag="304" ind1="#" ind2="#"><subfield code="a">NTCV = Nouvelles technologies de la communication visuelle</subfield></datafield><datafield tag="316" ind1="#" ind2="#"><subfield code="5">674825119:565203002</subfield><subfield code="a">HEARNUM_3_122746</subfield></datafield><datafield tag="326" ind1="#" ind2="#"><subfield code="a">Trimestriel</subfield><subfield code="b">2024-</subfield></datafield><datafield tag="326" ind1="#" ind2="#"><subfield code="a">Bimestriel</subfield><subfield code="b">2013-2023</subfield></datafield><datafield tag="326" ind1="#" ind2="#"><subfield code="a">Mensuel</subfield><subfield code="b">2001-2012</subfield></datafield><datafield tag="430" ind1="#" ind2="#"><subfield code="0">040267970</subfield><subfield code="t">Etapes graphiques (Paris)</subfield><subfield code="x">1254-7298</subfield></datafield><datafield tag="451" ind1="#" ind2="#"><subfield code="0">080061818</subfield><subfield code="t">Étapes (International ed)</subfield><subfield code="x">1767-4751</subfield></datafield><datafield tag="488" ind1="#" ind2="#"><subfield code="0">147852129</subfield><subfield code="t">Étapes: (Collection)</subfield><subfield code="x">1962-8552</subfield></datafield><datafield tag="517" ind1="#" ind2="#"><subfield code="a">Etapes</subfield><subfield code="e">design et culture visuelle</subfield></datafield><datafield tag="517" ind1="#" ind2="#"><subfield code="a">Etapes (Pyramyd Nouvelles technologies de la communication visuelle)</subfield></datafield><datafield tag="517" ind1="#" ind2="#"><subfield code="a">Étapes</subfield></datafield><datafield tag="530" ind1="1" ind2="#"><subfield code="a">Étapes</subfield><subfield code="b">(Éd. française)</subfield></datafield><datafield tag="531" ind1="#" ind2="#"><subfield code="a">Étapes</subfield><subfield code="b">(Éd. fr.)</subfield></datafield><datafield tag="606" ind1="#" ind2="#"><subfield code="3">027230546</subfield><subfield code="a">Communication visuelle</subfield><subfield code="2">rameau</subfield></datafield><datafield tag="608" ind1="#" ind2="#"><subfield code="3">02724640X</subfield><subfield code="a">Périodique</subfield><subfield code="2">rameau</subfield></datafield><datafield tag="675" ind1="#" ind2="#"><subfield code="a">655</subfield></datafield><datafield tag="676" ind1="#" ind2="#"><subfield code="a">760</subfield><subfield code="v">[original]</subfield></datafield><datafield tag="676" ind1="#" ind2="#"><subfield code="a">659</subfield></datafield><datafield tag="676" ind1="#" ind2="#"><subfield code="a">740</subfield></datafield><datafield tag="676" ind1="#" ind2="#"><subfield code="a">760.944 0905</subfield><subfield code="v">23</subfield></datafield><datafield tag="680" ind1="#" ind2="#"><subfield code="a">TS171</subfield></datafield><datafield tag="686" ind1="#" ind2="#"><subfield code="a">670</subfield><subfield code="2">Cadre de classement de la Bibliographie nationale française</subfield></datafield><datafield tag="701" ind1="#" ind2="1"><subfield code="3">080616488</subfield><subfield code="a">Chanaud</subfield><subfield code="b">Michel</subfield><subfield code="f">1950-2018</subfield><subfield code="4">651</subfield></datafield><datafield tag="710" ind1="0" ind2="2"><subfield code="3">031492045</subfield><subfield code="a">Pyramyd NTCV</subfield><subfield code="4">475</subfield></datafield><datafield tag="801" ind1="#" ind2="0"><subfield code="a">FR</subfield><subfield code="b">FR-751131015</subfield><subfield code="c">20050719</subfield><subfield code="g">AFNOR</subfield><subfield code="2">intermrc</subfield></datafield><datafield tag="801" ind1="#" ind2="3"><subfield code="a">FR</subfield><subfield code="b">ISSN France</subfield><subfield code="c">20241009</subfield></datafield><datafield tag="802" ind1="#" ind2="#"><subfield code="a">07</subfield></datafield><datafield tag="930" ind1="#" ind2="#"><subfield code="5">315555245:22318193501</subfield><subfield code="b">315555245</subfield><subfield code="j">f</subfield></datafield><datafield tag="955" ind1="4" ind2="1"><subfield code="5">315555245:22318193501</subfield><subfield code="b">75</subfield><subfield code="i">2001</subfield><subfield code="i"/><subfield code="j"/><subfield code="k"/><subfield code="a"/><subfield code="b"/><subfield code="c"/><subfield code="r">no. 75 (2001)-....</subfield></datafield><datafield tag="940" ind1=" " ind2=" "><subfield code="5">315555245:22318193501</subfield><subfield code="a">20050216</subfield><subfield code="b">xO</subfield></datafield><datafield tag="941" ind1=" " ind2=" "><subfield code="5">315555245:22318193501</subfield><subfield code="a">20060412</subfield><subfield code="b">19:09:16.000</subfield></datafield></record>