<record><leader>     cas0 22        450 </leader><controlfield tag="001">001705792</controlfield><controlfield tag="002">4,5,10,11,12,15,20,21,22,24,25,27,32,35,39,41,42,45,46,50,54,55,56,57,58,59,62,63,67,68,70,72,74,75,80,82,83,84,86,88,90,91,96,98,102,104,108,119,126,129,130,146,165,167,170,173,174,185,200,201,202,203,204,205,206,207,209,210,215,219,220,222,223,224,225,226,227,228,229,230,231,232,233,408,412,414,418,420,424,427,428,432,433</controlfield><controlfield tag="003">https://www.sudoc.fr/001705792</controlfield><controlfield tag="004">19901106</controlfield><controlfield tag="005">20250414101954.000</controlfield><controlfield tag="006">9999</controlfield><controlfield tag="007">751063002</controlfield><controlfield tag="008">Abx3</controlfield><datafield tag="011" ind1="#" ind2="#"><subfield code="a">0293-9274</subfield><subfield code="f">0293-9274</subfield></datafield><datafield tag="033" ind1="#" ind2="#"><subfield code="a">https://catalogue.bnf.fr/ark:/12148/cb34431754b</subfield><subfield code="2">BNF</subfield><subfield code="d">20191115</subfield></datafield><datafield tag="033" ind1="#" ind2="#"><subfield code="a">https://reseau-mirabel.info/revue/titre-id/21576</subfield><subfield code="2">Mir@bel</subfield><subfield code="d">20230713</subfield></datafield><datafield tag="034" ind1=" " ind2=" "><subfield code="a">OCoLC</subfield><subfield code="0">314117853</subfield></datafield><datafield tag="035" ind1="#" ind2="#"><subfield code="a">frBN00863110X</subfield></datafield><datafield tag="035" ind1="#" ind2="#"><subfield code="a">ccn0293-9274</subfield></datafield><datafield tag="035" ind1="#" ind2="#"><subfield code="a">issn02939274</subfield></datafield><datafield tag="035" ind1="#" ind2="#"><subfield code="a">MIR_21576</subfield></datafield><datafield tag="035" ind1="#" ind2="#"><subfield code="1">10</subfield><subfield code="a">170169</subfield></datafield><datafield tag="035" ind1="#" ind2="#"><subfield code="1">21</subfield><subfield code="a">327522</subfield></datafield><datafield tag="035" ind1="#" ind2="#"><subfield code="1">24</subfield><subfield code="a">365495</subfield></datafield><datafield tag="035" ind1="#" ind2="#"><subfield code="1">70</subfield><subfield code="a">01-0138682</subfield></datafield><datafield tag="035" ind1="#" ind2="#"><subfield code="1">74</subfield><subfield code="a">ALP263919</subfield></datafield><datafield tag="035" ind1="#" ind2="#"><subfield code="1">75</subfield><subfield code="a">77639</subfield></datafield><datafield tag="035" ind1="#" ind2="#"><subfield code="1">82</subfield><subfield code="a">ALP295039</subfield></datafield><datafield tag="035" ind1="#" ind2="#"><subfield code="1">84</subfield><subfield code="a">ALP0549582</subfield></datafield><datafield tag="035" ind1="#" ind2="#"><subfield code="1">418</subfield><subfield code="a">60990</subfield></datafield><datafield tag="100" ind1="#" ind2="#"><subfield code="a">19901106a19809999k  y0frey50      ba</subfield><subfield code="Y">0#</subfield><subfield code="A">1980</subfield><subfield code="D">1980-...</subfield></datafield><datafield tag="101" ind1="0" ind2="#"><subfield code="a">fre</subfield><subfield code="2">639-2</subfield></datafield><datafield tag="102" ind1="#" ind2="#"><subfield code="a">FR</subfield></datafield><datafield tag="104" ind1="#" ind2="#"><subfield code="a">k</subfield><subfield code="b">y</subfield><subfield code="c">y</subfield><subfield code="d">ba</subfield><subfield code="e">0</subfield><subfield code="f">fre</subfield></datafield><datafield tag="106" ind1="#" ind2="#"><subfield code="a">r</subfield></datafield><datafield tag="110" ind1="#" ind2="#"><subfield code="a">afa|z  0||0</subfield></datafield><datafield tag="181" ind1="#" ind2="#"><subfield code="6">z01</subfield><subfield code="c">txt</subfield><subfield code="2">rdacontent</subfield></datafield><datafield tag="181" ind1="#" ind2="1"><subfield code="6">z01</subfield><subfield code="a">i#</subfield><subfield code="b">xxxe##</subfield></datafield><datafield tag="182" ind1="#" ind2="#"><subfield code="6">z01</subfield><subfield code="c">n</subfield><subfield code="2">rdamedia</subfield></datafield><datafield tag="182" ind1="#" ind2="1"><subfield code="6">z01</subfield><subfield code="a">n</subfield></datafield><datafield tag="183" ind1="#" ind2="#"><subfield code="6">z01</subfield><subfield code="a">nga</subfield><subfield code="2">RDAfrCarrier</subfield></datafield><datafield tag="200" ind1="1" ind2="#"><subfield code="a">Connaissance des arts</subfield></datafield><datafield tag="207" ind1="#" ind2="0"><subfield code="a">No.335 (1980) -</subfield></datafield><datafield tag="214" ind1="#" ind2="0"><subfield code="a">Paris</subfield><subfield code="c">Société française de promotion artistique</subfield><subfield code="d">1980-</subfield></datafield><datafield tag="316" ind1="#" ind2="#"><subfield code="5">674825119:565142674</subfield><subfield code="a">HEARNUM_3_95555</subfield></datafield><datafield tag="316" ind1="#" ind2="#"><subfield code="5">751132105:144151065</subfield><subfield code="a">Abonnements UPDI</subfield></datafield><datafield tag="318" ind1="#" ind2="#"><subfield code="5">940185201:184135389</subfield><subfield code="a">récolement 2024</subfield></datafield><datafield tag="318" ind1="#" ind2="#"><subfield code="5">940185201:822526808</subfield><subfield code="a">récolement 2024</subfield></datafield><datafield tag="319" ind1="#" ind2="#"><subfield code="5">330635107:414917804</subfield><subfield code="a">Les collections sont inaccesibles jusqu&apos;en 2026 en raison de travaux</subfield></datafield><datafield tag="319" ind1="#" ind2="#"><subfield code="5">130555109:196725615</subfield><subfield code="a">Les numéros avant 1990 sont consultables sur place</subfield></datafield><datafield tag="319" ind1="#" ind2="#"><subfield code="5">751062312:220480036</subfield><subfield code="a">Reproductible</subfield></datafield><datafield tag="319" ind1="#" ind2="#"><subfield code="5">940185201:825629144</subfield><subfield code="a">récolement 2023</subfield></datafield><datafield tag="326" ind1="#" ind2="#"><subfield code="a">Mensuel</subfield></datafield><datafield tag="421" ind1="#" ind2="#"><subfield code="0">040083136</subfield><subfield code="t">Connaissance des arts. Hors-série</subfield><subfield code="x">1242-9198</subfield></datafield><datafield tag="421" ind1="#" ind2="#"><subfield code="0">104376635</subfield><subfield code="t">Connaissance des arts. Spécial jardin</subfield><subfield code="x">1774-8968</subfield></datafield><datafield tag="423" ind1="#" ind2="#"><subfield code="0">104393831</subfield><subfield code="t">Connaissance des arts. Spécial photo</subfield><subfield code="x">1773-8652</subfield></datafield><datafield tag="423" ind1="#" ind2="#"><subfield code="0">05880630X</subfield><subfield code="t">Connaissance des arts. Numéro hors-série. Le Guide</subfield><subfield code="x">1625-0117</subfield></datafield><datafield tag="423" ind1="#" ind2="#"><subfield code="0">126786100</subfield><subfield code="t">Connaissance des arts. Déco</subfield><subfield code="x">2101-2083</subfield></datafield><datafield tag="430" ind1="#" ind2="#"><subfield code="0">03794357X</subfield><subfield code="t">Connaissance des arts, Plaisir de France</subfield><subfield code="x">0395-5907</subfield></datafield><datafield tag="452" ind1="#" ind2="#"><subfield code="0">175790302</subfield><subfield code="t">Connaissance des arts (En ligne)</subfield><subfield code="x">2270-5198</subfield></datafield><datafield tag="452" ind1="#" ind2="#"><subfield code="0">136058531</subfield><subfield code="t">Connaissancedesarts.com</subfield><subfield code="x">2102-5371</subfield></datafield><datafield tag="530" ind1="1" ind2="#"><subfield code="a">Connaissance des arts</subfield><subfield code="b">(1980)</subfield></datafield><datafield tag="531" ind1="#" ind2="#"><subfield code="a">Connaiss. arts</subfield><subfield code="b">(1980)</subfield></datafield><datafield tag="606" ind1="#" ind2="#"><subfield code="3">027823563</subfield><subfield code="a">Histoire de l&apos;art</subfield><subfield code="2">rameau</subfield></datafield><datafield tag="606" ind1="#" ind2="#"><subfield code="3">027269302</subfield><subfield code="a">Art</subfield><subfield code="2">rameau</subfield></datafield><datafield tag="606" ind1="#" ind2="#"><subfield code="1">62</subfield><subfield code="a">Arts</subfield><subfield code="2">Rameau</subfield></datafield><datafield tag="608" ind1="#" ind2="#"><subfield code="3">02724640X</subfield><subfield code="a">Périodique</subfield><subfield code="2">rameau</subfield></datafield><datafield tag="675" ind1="#" ind2="#"><subfield code="a">73</subfield></datafield><datafield tag="676" ind1="#" ind2="#"><subfield code="a">705</subfield></datafield><datafield tag="676" ind1="#" ind2="#"><subfield code="a">709</subfield></datafield><datafield tag="676" ind1="#" ind2="#"><subfield code="a">750</subfield></datafield><datafield tag="680" ind1="#" ind2="#"><subfield code="a">N1 .C75</subfield></datafield><datafield tag="686" ind1="#" ind2="#"><subfield code="1">88</subfield><subfield code="a">705</subfield><subfield code="2">DEWBSG</subfield></datafield><datafield tag="801" ind1="#" ind2="3"><subfield code="a">FR</subfield><subfield code="b">Abes</subfield><subfield code="c">20250414</subfield><subfield code="g">AFNOR</subfield></datafield><datafield tag="801" ind1="#" ind2="3"><subfield code="a">FR</subfield><subfield code="b">BN</subfield><subfield code="c">19990127</subfield><subfield code="g">AFNOR</subfield></datafield><datafield tag="801" ind1="#" ind2="3"><subfield code="a">FR</subfield><subfield code="b">ISSN</subfield><subfield code="c">20150703</subfield></datafield><datafield tag="802" ind1="#" ind2="#"><subfield code="a">07</subfield></datafield><datafield tag="830" ind1="#" ind2="#"><subfield code="a">Réforme Rameau Genre-Forme retro périos (ne pas supprimer)</subfield></datafield><datafield tag="930" ind1="#" ind2="#"><subfield code="5">315555245:22276777401</subfield><subfield code="b">315555245</subfield><subfield code="z">PCMP</subfield><subfield code="p">Pôle de conservation</subfield><subfield code="j">f</subfield></datafield><datafield tag="955" ind1="4" ind2="1"><subfield code="5">315555245:22276777401</subfield><subfield code="b">336</subfield><subfield code="i">1980</subfield><subfield code="i"/><subfield code="j"/><subfield code="k"/><subfield code="a"/><subfield code="b"/><subfield code="c"/><subfield code="r">no. 336 (1980)-....</subfield></datafield><datafield tag="940" ind1=" " ind2=" "><subfield code="5">315555245:22276777401</subfield><subfield code="a">20050208</subfield><subfield code="b">xO</subfield></datafield><datafield tag="941" ind1=" " ind2=" "><subfield code="5">315555245:22276777401</subfield><subfield code="a">20240314</subfield><subfield code="b">16:08:42.000</subfield></datafield></record>