<record><leader>     cas0 22        450 </leader><controlfield tag="001">013730878</controlfield><controlfield tag="002">4,5,6,12,15,18,21,24,27,35,36,40,41,45,49,50,51,55,56,57,58,60,62,63,67,68,70,72,74,75,80,82,83,86,88,90,91,96,102,106,110,119,146,159,167,174,178,190,200,201,202,204,206,209,215,220,221,222,223,224,225,226,227,228,229,230,231,232,233,402,408,412,414,417,418,427,428,431,432</controlfield><controlfield tag="003">https://www.sudoc.fr/013730878</controlfield><controlfield tag="004">19980224</controlfield><controlfield tag="005">20250108112932.000</controlfield><controlfield tag="006">9999</controlfield><controlfield tag="007">674821001</controlfield><controlfield tag="008">Abx3</controlfield><datafield tag="011" ind1="#" ind2="#"><subfield code="a">0035-2292</subfield><subfield code="f">0035-2292</subfield><subfield code="y">0048-797X</subfield></datafield><datafield tag="033" ind1="#" ind2="#"><subfield code="a">https://catalogue.bnf.fr/ark:/12148/cb34349500t</subfield><subfield code="2">BNF</subfield><subfield code="d">20191220</subfield></datafield><datafield tag="033" ind1="#" ind2="#"><subfield code="a">https://reseau-mirabel.info/revue/titre-id/4594</subfield><subfield code="2">Mir@bel</subfield><subfield code="d">20200715</subfield></datafield><datafield tag="034" ind1=" " ind2=" "><subfield code="a">OCoLC</subfield><subfield code="0">801823815</subfield></datafield><datafield tag="035" ind1="#" ind2="#"><subfield code="a">sib0986691</subfield></datafield><datafield tag="035" ind1="#" ind2="#"><subfield code="a">ccn0035-2292</subfield><subfield code="z">ccn7115/4450</subfield></datafield><datafield tag="035" ind1="#" ind2="#"><subfield code="a">issn00352292</subfield></datafield><datafield tag="035" ind1="#" ind2="#"><subfield code="a">MIR_4594</subfield></datafield><datafield tag="035" ind1="#" ind2="#"><subfield code="1">6</subfield><subfield code="a">ALP000358418</subfield></datafield><datafield tag="035" ind1="#" ind2="#"><subfield code="1">21</subfield><subfield code="a">162199</subfield></datafield><datafield tag="035" ind1="#" ind2="#"><subfield code="1">74</subfield><subfield code="a">ALP264198</subfield></datafield><datafield tag="035" ind1="#" ind2="#"><subfield code="1">82</subfield><subfield code="a">ALP000183931</subfield></datafield><datafield tag="035" ind1="#" ind2="#"><subfield code="1">106</subfield><subfield code="a">alp85138</subfield></datafield><datafield tag="035" ind1="#" ind2="#"><subfield code="1">418</subfield><subfield code="a">36439</subfield></datafield><datafield tag="100" ind1="#" ind2="#"><subfield code="a">19980224b19482004k  y0frey50      ba</subfield><subfield code="Y">0#</subfield><subfield code="A">1948</subfield><subfield code="B">2004</subfield></datafield><datafield tag="101" ind1="0" ind2="#"><subfield code="a">fre</subfield><subfield code="2">639-2</subfield></datafield><datafield tag="102" ind1="#" ind2="#"><subfield code="a">FR</subfield></datafield><datafield tag="104" ind1="#" ind2="#"><subfield code="a">k</subfield><subfield code="b">y</subfield><subfield code="c">y</subfield><subfield code="d">ba</subfield><subfield code="e">0</subfield><subfield code="f">fre</subfield></datafield><datafield tag="106" ind1="#" ind2="#"><subfield code="a">r</subfield></datafield><datafield tag="110" ind1="#" ind2="#"><subfield code="a">aj|||||||||</subfield></datafield><datafield tag="181" ind1="#" ind2="#"><subfield code="6">z01</subfield><subfield code="c">txt</subfield><subfield code="2">rdacontent</subfield></datafield><datafield tag="181" ind1="#" ind2="1"><subfield code="6">z01</subfield><subfield code="a">i#</subfield><subfield code="b">xxxe##</subfield></datafield><datafield tag="182" ind1="#" ind2="#"><subfield code="6">z01</subfield><subfield code="c">n</subfield><subfield code="2">rdamedia</subfield></datafield><datafield tag="182" ind1="#" ind2="1"><subfield code="6">z01</subfield><subfield code="a">n</subfield></datafield><datafield tag="183" ind1="#" ind2="#"><subfield code="6">z01</subfield><subfield code="a">nga</subfield><subfield code="2">RDAfrCarrier</subfield></datafield><datafield tag="200" ind1="1" ind2="#"><subfield code="a">Revue d&apos;esthétique</subfield><subfield code="f">[Société francaise d&apos;esthétique]</subfield></datafield><datafield tag="207" ind1="#" ind2="1"><subfield code="a">T.1 fasc.1 (janv.-mars 1948) - t.17 fasc.3-4 (août-déc. 1964)</subfield><subfield code="a">Nouv. sér. t.18 fasc.1 (janv.-mars 1965) - t.27 fasc.2 (avr.-juin 1974)</subfield><subfield code="a">No.3-4 (1974) - no.3-4 (1980)</subfield><subfield code="a">Nouv. sér. no.1 (1981) - no.45 (2004)</subfield></datafield><datafield tag="214" ind1="#" ind2="0"><subfield code="a">Paris</subfield><subfield code="c">Presses universitaires de France</subfield><subfield code="d">1948-2004</subfield></datafield><datafield tag="214" ind1="0" ind2="0"><subfield code="a">Paris</subfield><subfield code="c">Presses universitaires de France</subfield><subfield code="d">1948-1957</subfield></datafield><datafield tag="214" ind1="0" ind2="0"><subfield code="a">Paris</subfield><subfield code="c">J. Vrin</subfield><subfield code="d">1958-1964</subfield></datafield><datafield tag="214" ind1="0" ind2="0"><subfield code="a">Paris</subfield><subfield code="c">Éd. S.P.D.G.</subfield><subfield code="d">1965-1967</subfield></datafield><datafield tag="214" ind1="0" ind2="0"><subfield code="a">Paris </subfield><subfield code="c">C. Klincksieck</subfield><subfield code="d">1968-1973</subfield></datafield><datafield tag="214" ind1="0" ind2="0"><subfield code="a">Paris</subfield><subfield code="c">C. Bourgois</subfield><subfield code="d">1974</subfield></datafield><datafield tag="214" ind1="0" ind2="0"><subfield code="a">Paris</subfield><subfield code="c">Union générale d&apos;éditions</subfield><subfield code="d">1974-1980</subfield></datafield><datafield tag="214" ind1="0" ind2="0"><subfield code="a">Toulouse</subfield><subfield code="c">Privat</subfield><subfield code="d">1981-1988</subfield></datafield><datafield tag="214" ind1="1" ind2="0"><subfield code="a">Paris</subfield><subfield code="c">J.-M. Place</subfield><subfield code="d">1989-2004</subfield></datafield><datafield tag="316" ind1="#" ind2="#"><subfield code="5">751052253:42753545X</subfield><subfield code="a">Don des Bibliothèques de Clignancourt et de Serpente</subfield></datafield><datafield tag="316" ind1="#" ind2="#"><subfield code="5">751052253:42753545X</subfield><subfield code="a">Don de l&apos;INIST pour les numéros 1 (1948)-27 (1974)</subfield></datafield><datafield tag="316" ind1="#" ind2="#"><subfield code="5">751052253:42753545X</subfield><subfield code="a">Don de la Bibliothèque patrimoniale de Pau dans le cadre du PCP pour 13 numéros entre 1951 et 1978.</subfield></datafield><datafield tag="316" ind1="#" ind2="#"><subfield code="5">751052253:42753545X</subfield><subfield code="a">Don de la BU Paris 8-St Denis pour 8 numéros entre 1975 et 1998.</subfield></datafield><datafield tag="316" ind1="#" ind2="#"><subfield code="5">930012301:76602685X</subfield><subfield code="a">En dépôt au CTLES. Consultation via le service du PEB de l&apos;Humathèque</subfield></datafield><datafield tag="319" ind1="#" ind2="#"><subfield code="5">751062312:220480605</subfield><subfield code="a">Reproductible</subfield></datafield><datafield tag="326" ind1="#" ind2="#"><subfield code="a">Semestriel</subfield><subfield code="b">1981-2004</subfield></datafield><datafield tag="326" ind1="#" ind2="#"><subfield code="a">Trimestriel</subfield><subfield code="b">1949-1980</subfield></datafield><datafield tag="410" ind1="#" ind2="#"><subfield code="0">013328409</subfield><subfield code="t">10-18</subfield><subfield code="x">0240-2300</subfield></datafield><datafield tag="440" ind1="#" ind2="#"><subfield code="0">133109062</subfield><subfield code="t">Nouvelle revue d&apos;esthétique</subfield><subfield code="x">1969-2269</subfield></datafield><datafield tag="452" ind1="#" ind2="#"><subfield code="0">197497950</subfield><subfield code="t">Revue d&apos;esthétique (Reproduction numérique)</subfield><subfield code="x">2419-6614</subfield></datafield><datafield tag="530" ind1="0" ind2="#"><subfield code="a">Revue d&apos;esthétique</subfield></datafield><datafield tag="531" ind1="#" ind2="#"><subfield code="a">Rev. esthét.</subfield></datafield><datafield tag="606" ind1="#" ind2="#"><subfield code="3">027224503</subfield><subfield code="a">Esthétique</subfield><subfield code="2">rameau</subfield></datafield><datafield tag="606" ind1="#" ind2="#"><subfield code="3">027269329</subfield><subfield code="a">Philosophie de l&apos;art</subfield><subfield code="2">rameau</subfield></datafield><datafield tag="606" ind1="#" ind2="#"><subfield code="1">178</subfield><subfield code="a">Philosophie et théorie</subfield><subfield code="2">CAPA</subfield></datafield><datafield tag="608" ind1="#" ind2="#"><subfield code="3">02724640X</subfield><subfield code="a">Périodique</subfield><subfield code="2">rameau</subfield></datafield><datafield tag="675" ind1="#" ind2="#"><subfield code="a">18.01</subfield></datafield><datafield tag="676" ind1="#" ind2="#"><subfield code="a">700</subfield></datafield><datafield tag="680" ind1="#" ind2="#"><subfield code="a">BH2</subfield></datafield><datafield tag="710" ind1="0" ind2="2"><subfield code="3">119179512</subfield><subfield code="a">Société francaise d&apos;esthétique</subfield><subfield code="4">475</subfield></datafield><datafield tag="801" ind1="#" ind2="3"><subfield code="a">FR</subfield><subfield code="b">Abes</subfield><subfield code="c">20250108</subfield><subfield code="g">AFNOR</subfield></datafield><datafield tag="801" ind1="#" ind2="3"><subfield code="a">FR</subfield><subfield code="b">SF</subfield><subfield code="c">19990209</subfield></datafield><datafield tag="801" ind1="#" ind2="3"><subfield code="a">FR</subfield><subfield code="b">ISSN</subfield><subfield code="c">20181204</subfield></datafield><datafield tag="802" ind1="#" ind2="#"><subfield code="a">07</subfield></datafield><datafield tag="930" ind1="#" ind2="#"><subfield code="5">315555245:22773604401</subfield><subfield code="b">315555245</subfield><subfield code="j">f</subfield></datafield><datafield tag="955" ind1="4" ind2="1"><subfield code="5">315555245:22773604401</subfield><subfield code="b">16</subfield><subfield code="i">1989</subfield><subfield code="b">17</subfield><subfield code="i">1990</subfield></datafield><datafield tag="955" ind1="4" ind2="1"><subfield code="5">315555245:22773604401</subfield><subfield code="b">21</subfield><subfield code="i">1992</subfield></datafield><datafield tag="955" ind1="4" ind2="1"><subfield code="5">315555245:22773604401</subfield><subfield code="b">23</subfield><subfield code="i">1993</subfield><subfield code="b">25</subfield><subfield code="i">1994</subfield></datafield><datafield tag="955" ind1="4" ind2="1"><subfield code="5">315555245:22773604401</subfield><subfield code="b">27</subfield><subfield code="i">1995</subfield></datafield><datafield tag="955" ind1="4" ind2="1"><subfield code="5">315555245:22773604401</subfield><subfield code="b">33</subfield><subfield code="i">1998</subfield><subfield code="i"/><subfield code="j"/><subfield code="k"/><subfield code="a"/><subfield code="b"/><subfield code="c"/><subfield code="r">no. 16 (1989) - no. 17  (1990) ; no. 21 (1992) ; no. 23 (1993) - no. 25  (1994) ; no. 27 (1995) ; no. 33 (1998)-....</subfield></datafield><datafield tag="940" ind1=" " ind2=" "><subfield code="5">315555245:22773604401</subfield><subfield code="a">20050405</subfield><subfield code="b">xO</subfield></datafield><datafield tag="941" ind1=" " ind2=" "><subfield code="5">315555245:22773604401</subfield><subfield code="a">20050405</subfield><subfield code="b">18:31:10.000</subfield></datafield></record>