<record><leader>     cas0 22        450 </leader><controlfield tag="001">038669625</controlfield><controlfield tag="002">4,41,50,51,63,75,80,82,88,90,99,102,126,200,201,203,204,206,209,215,219,220,222,223,224,226,227,229,230,231,232,233,408,412,414,418,424,427,428,431</controlfield><controlfield tag="003">https://www.sudoc.fr/038669625</controlfield><controlfield tag="004">19980902</controlfield><controlfield tag="005">20250604104518.000</controlfield><controlfield tag="006">9999</controlfield><controlfield tag="007">674821001</controlfield><controlfield tag="008">Abx3</controlfield><datafield tag="011" ind1="#" ind2="#"><subfield code="a">0004-3214</subfield><subfield code="f">0004-3214</subfield></datafield><datafield tag="033" ind1="#" ind2="#"><subfield code="a">https://catalogue.bnf.fr/ark:/12148/cb34463488x</subfield><subfield code="2">BNF</subfield><subfield code="d">20230125</subfield></datafield><datafield tag="035" ind1="#" ind2="#"><subfield code="a">ccn0004-3214</subfield></datafield><datafield tag="035" ind1="#" ind2="#"><subfield code="a">issn00043214</subfield></datafield><datafield tag="035" ind1="#" ind2="#"><subfield code="1">418</subfield><subfield code="a">36443</subfield></datafield><datafield tag="100" ind1="#" ind2="#"><subfield code="a">19980902a19399999u  y0frey50      ba</subfield><subfield code="Y">0#</subfield><subfield code="A">1939</subfield><subfield code="D">1939-...</subfield></datafield><datafield tag="101" ind1="0" ind2="#"><subfield code="a">eng</subfield><subfield code="2">639-2</subfield></datafield><datafield tag="102" ind1="#" ind2="#"><subfield code="a">US</subfield></datafield><datafield tag="104" ind1="#" ind2="#"><subfield code="a">u</subfield><subfield code="b">y</subfield><subfield code="c">y</subfield><subfield code="d">ba</subfield><subfield code="e">0</subfield><subfield code="f">fre</subfield></datafield><datafield tag="106" ind1="#" ind2="#"><subfield code="a">r</subfield></datafield><datafield tag="110" ind1="#" ind2="#"><subfield code="a">ahy||||0uu|</subfield></datafield><datafield tag="181" ind1="#" ind2="#"><subfield code="6">z01</subfield><subfield code="c">txt</subfield><subfield code="2">rdacontent</subfield></datafield><datafield tag="181" ind1="#" ind2="1"><subfield code="6">z01</subfield><subfield code="a">i#</subfield><subfield code="b">xxxe##</subfield></datafield><datafield tag="182" ind1="#" ind2="#"><subfield code="6">z01</subfield><subfield code="c">n</subfield><subfield code="2">rdamedia</subfield></datafield><datafield tag="182" ind1="#" ind2="1"><subfield code="6">z01</subfield><subfield code="a">n</subfield></datafield><datafield tag="183" ind1="#" ind2="#"><subfield code="6">z01</subfield><subfield code="a">nga</subfield><subfield code="2">RDAfrCarrier</subfield></datafield><datafield tag="200" ind1="1" ind2="#"><subfield code="a">Art in America</subfield></datafield><datafield tag="207" ind1="#" ind2="0"><subfield code="a">Vol. 27, no. 3 (July 1939) -</subfield></datafield><datafield tag="214" ind1="#" ind2="0"><subfield code="a">Westport, Conn</subfield><subfield code="c">F.F. Sherman</subfield><subfield code="d">1939-</subfield></datafield><datafield tag="214" ind1="1" ind2="0"><subfield code="a">New York, NY</subfield><subfield code="c">Art Media AIA, LLC</subfield></datafield><datafield tag="215" ind1="#" ind2="#"><subfield code="c">ill. en noir et en coul., couv. ill. en coul.</subfield><subfield code="d">31 cm</subfield></datafield><datafield tag="316" ind1="#" ind2="#"><subfield code="5">674825119:564477125</subfield><subfield code="a">HEARNUM_3_95457</subfield></datafield><datafield tag="316" ind1="#" ind2="#"><subfield code="5">751025206:120825899</subfield><subfield code="a">Double : vol. 100 no. 11 (2012)</subfield></datafield><datafield tag="319" ind1="#" ind2="#"><subfield code="5">751062312:120825872</subfield><subfield code="a">Reproductible</subfield></datafield><datafield tag="321" ind1="0" ind2="#"><subfield code="a">The Keepers Registry</subfield></datafield><datafield tag="326" ind1="#" ind2="#"><subfield code="a">Mensuel</subfield></datafield><datafield tag="326" ind1="#" ind2="#"><subfield code="a">Bimestriel</subfield><subfield code="b">1971-</subfield></datafield><datafield tag="326" ind1="#" ind2="#"><subfield code="a">10 fois par an</subfield><subfield code="b">1982-</subfield></datafield><datafield tag="421" ind1="#" ind2="#"><subfield code="0">039699773</subfield><subfield code="t">Art in America. Annual guide to galleries, museums, artists</subfield><subfield code="x">0736-7619</subfield></datafield><datafield tag="421" ind1="#" ind2="#"><subfield code="t">ARTnews. Top 200 collectors</subfield></datafield><datafield tag="430" ind1="#" ind2="#"><subfield code="0">151485283</subfield><subfield code="t">Art in America and elsewhere</subfield><subfield code="x">2769-8114</subfield></datafield><datafield tag="451" ind1="#" ind2="#"><subfield code="0">039699773</subfield><subfield code="t">Art in America. Annual guide to galleries, museums, artists</subfield><subfield code="x">0736-7619</subfield></datafield><datafield tag="452" ind1="#" ind2="#"><subfield code="0">132741202</subfield><subfield code="t">Art in America (1939. Online)</subfield></datafield><datafield tag="530" ind1="1" ind2="#"><subfield code="a">Art in America</subfield><subfield code="b">(1939)</subfield></datafield><datafield tag="531" ind1="#" ind2="#"><subfield code="a">Art Am.</subfield><subfield code="b">(1939)</subfield></datafield><datafield tag="606" ind1="#" ind2="#"><subfield code="3">027437922</subfield><subfield code="a">Art</subfield><subfield code="y">États-Unis</subfield><subfield code="2">rameau</subfield></datafield><datafield tag="608" ind1="#" ind2="#"><subfield code="3">02724640X</subfield><subfield code="a">Périodique</subfield><subfield code="2">rameau</subfield></datafield><datafield tag="676" ind1="#" ind2="#"><subfield code="a">705</subfield></datafield><datafield tag="676" ind1="#" ind2="#"><subfield code="a">720</subfield></datafield><datafield tag="680" ind1="#" ind2="#"><subfield code="a">N1</subfield></datafield><datafield tag="686" ind1="#" ind2="#"><subfield code="1">88</subfield><subfield code="a">700.5</subfield><subfield code="2">DEWBSG</subfield></datafield><datafield tag="801" ind1="#" ind2="3"><subfield code="a">FR</subfield><subfield code="b">Abes</subfield><subfield code="c">20250604</subfield><subfield code="g">AFNOR</subfield></datafield><datafield tag="801" ind1="#" ind2="3"><subfield code="a">FR</subfield><subfield code="b">ISSN</subfield><subfield code="c">20250107</subfield></datafield><datafield tag="802" ind1="#" ind2="#"><subfield code="a">01</subfield></datafield><datafield tag="830" ind1="#" ind2="#"><subfield code="a">Réforme Rameau Genre-Forme retro périos (ne pas supprimer)</subfield></datafield><datafield tag="930" ind1="#" ind2="#"><subfield code="5">315555245:21570670601</subfield><subfield code="b">315555245</subfield><subfield code="j">f</subfield></datafield><datafield tag="955" ind1="4" ind2="1"><subfield code="5">315555245:21570670601</subfield><subfield code="b">4</subfield><subfield code="i">1978</subfield><subfield code="b">5</subfield><subfield code="i">1978</subfield></datafield><datafield tag="955" ind1="4" ind2="1"><subfield code="5">315555245:21570670601</subfield><subfield code="b">6</subfield><subfield code="i">1982</subfield><subfield code="b">10</subfield><subfield code="i">1982</subfield></datafield><datafield tag="955" ind1="4" ind2="1"><subfield code="5">315555245:21570670601</subfield><subfield code="i">1983</subfield><subfield code="i">1995</subfield></datafield><datafield tag="955" ind1="4" ind2="1"><subfield code="5">315555245:21570670601</subfield><subfield code="i">1996</subfield><subfield code="i"/><subfield code="j"/><subfield code="k"/><subfield code="a"/><subfield code="b"/><subfield code="c"/><subfield code="w">Lacunes: 20% (1983-1995)</subfield><subfield code="r">no. 4 (1978) - no. 5  (1978) ; no. 6 (1982) - no. 10  (1982) ; (1983) - (1995) ; (1996)-.... [Lacunes: 20% (1983-1995)]</subfield></datafield><datafield tag="940" ind1=" " ind2=" "><subfield code="5">315555245:21570670601</subfield><subfield code="a">20041021</subfield><subfield code="b">xO</subfield></datafield><datafield tag="941" ind1=" " ind2=" "><subfield code="5">315555245:21570670601</subfield><subfield code="a">20060203</subfield><subfield code="b">15:32:15.000</subfield></datafield></record>