<record><leader>     cas0 22        450 </leader><controlfield tag="001">038669676</controlfield><controlfield tag="002">21,27,50,51,59,62,75,80,86,90,96,102,119,146,190,200,201,203,204,205,209,215,219,220,222,223,224,228,229,230,231,232,233,408,414,418,427</controlfield><controlfield tag="003">https://www.sudoc.fr/038669676</controlfield><controlfield tag="004">19760824</controlfield><controlfield tag="005">20250604104812.000</controlfield><controlfield tag="006">9999</controlfield><controlfield tag="007">674821001</controlfield><controlfield tag="008">Abx3</controlfield><datafield tag="011" ind1="#" ind2="#"><subfield code="a">0004-3273</subfield><subfield code="f">0004-3273</subfield></datafield><datafield tag="033" ind1="#" ind2="#"><subfield code="a">https://catalogue.bnf.fr/ark:/12148/cb34463517p</subfield><subfield code="2">BNF</subfield><subfield code="d">20230125</subfield></datafield><datafield tag="034" ind1=" " ind2=" "><subfield code="a">OCoLC</subfield><subfield code="0">263588506</subfield></datafield><datafield tag="035" ind1="#" ind2="#"><subfield code="a">ccn0004-3273</subfield></datafield><datafield tag="035" ind1="#" ind2="#"><subfield code="a">issn00043273</subfield></datafield><datafield tag="035" ind1="#" ind2="#"><subfield code="1">21</subfield><subfield code="a">162576</subfield></datafield><datafield tag="035" ind1="#" ind2="#"><subfield code="1">418</subfield><subfield code="a">36445</subfield></datafield><datafield tag="100" ind1="#" ind2="#"><subfield code="a">19760824b19232022u  y0frey50      ba</subfield><subfield code="Y">0#</subfield><subfield code="A">1923</subfield><subfield code="B">2022</subfield></datafield><datafield tag="101" ind1="0" ind2="#"><subfield code="a">eng</subfield><subfield code="2">639-2</subfield></datafield><datafield tag="102" ind1="#" ind2="#"><subfield code="a">US</subfield></datafield><datafield tag="104" ind1="#" ind2="#"><subfield code="a">u</subfield><subfield code="b">y</subfield><subfield code="c">y</subfield><subfield code="d">ba</subfield><subfield code="e">0</subfield><subfield code="f">fre</subfield></datafield><datafield tag="106" ind1="#" ind2="#"><subfield code="a">r</subfield></datafield><datafield tag="110" ind1="#" ind2="#"><subfield code="a">aga||||0uu|</subfield></datafield><datafield tag="181" ind1="#" ind2="#"><subfield code="6">z01</subfield><subfield code="c">txt</subfield><subfield code="2">rdacontent</subfield></datafield><datafield tag="181" ind1="#" ind2="1"><subfield code="6">z01</subfield><subfield code="a">i#</subfield><subfield code="b">xxxe##</subfield></datafield><datafield tag="182" ind1="#" ind2="#"><subfield code="6">z01</subfield><subfield code="c">n</subfield><subfield code="2">rdamedia</subfield></datafield><datafield tag="182" ind1="#" ind2="1"><subfield code="6">z01</subfield><subfield code="a">n</subfield></datafield><datafield tag="183" ind1="#" ind2="#"><subfield code="6">z01</subfield><subfield code="a">nga</subfield><subfield code="2">RDAfrCarrier</subfield></datafield><datafield tag="200" ind1="1" ind2="#"><subfield code="a">ARTnews</subfield></datafield><datafield tag="207" ind1="#" ind2="0"><subfield code="a">Vol. 22, [no. 1?] (Feb. 17, 1923)-vol. 120 no. 6 (Dec./Jan. 2021/2022)</subfield></datafield><datafield tag="214" ind1="#" ind2="0"><subfield code="a">New York, N.Y</subfield><subfield code="c">ARTnews Associates</subfield><subfield code="d">1923-[2021]</subfield></datafield><datafield tag="214" ind1="1" ind2="0"><subfield code="a">New York, N.Y</subfield><subfield code="c">Art Media, LLC</subfield></datafield><datafield tag="306" ind1="#" ind2="#"><subfield code="a">La date de fin de parution est incertaine</subfield></datafield><datafield tag="319" ind1="#" ind2="#"><subfield code="5">751062312:220480451</subfield><subfield code="a">Reproductible</subfield></datafield><datafield tag="321" ind1="0" ind2="#"><subfield code="a">The Keepers Registry</subfield></datafield><datafield tag="326" ind1="#" ind2="#"><subfield code="a">Mensuel</subfield></datafield><datafield tag="423" ind1="#" ind2="#"><subfield code="0">036171522</subfield><subfield code="t">ARTnews annual</subfield><subfield code="x">0066-7994</subfield></datafield><datafield tag="430" ind1="#" ind2="#"><subfield code="0">037052322</subfield><subfield code="t">American art news</subfield><subfield code="x">1944-0227</subfield></datafield><datafield tag="434" ind1="#" ind2="#"><subfield code="0">038372142</subfield><subfield code="t">Magazine of art (Washington, D.C.)</subfield><subfield code="x">2690-456X</subfield></datafield><datafield tag="452" ind1="#" ind2="#"><subfield code="0">169434907</subfield><subfield code="t">ARTnews (Online)</subfield><subfield code="x">2327-1221</subfield></datafield><datafield tag="517" ind1="#" ind2="#"><subfield code="a">Art news</subfield></datafield><datafield tag="530" ind1="1" ind2="#"><subfield code="a">ARTnews</subfield><subfield code="b">(New York, N.Y. 1923)</subfield></datafield><datafield tag="531" ind1="#" ind2="#"><subfield code="a">ARTnews</subfield></datafield><datafield tag="606" ind1="#" ind2="#"><subfield code="3">027269302</subfield><subfield code="a">Art</subfield><subfield code="2">rameau</subfield></datafield><datafield tag="606" ind1="#" ind2="#"><subfield code="3">027269418</subfield><subfield code="a">Art</subfield><subfield code="z">20e siècle</subfield><subfield code="2">rameau</subfield></datafield><datafield tag="606" ind1="#" ind2="#"><subfield code="3">027269302</subfield><subfield code="a">Art</subfield><subfield code="3">050665391</subfield><subfield code="z">2000-....</subfield><subfield code="2">rameau</subfield></datafield><datafield tag="606" ind1="#" ind2="#"><subfield code="3">027823563</subfield><subfield code="a">Histoire de l&apos;art</subfield><subfield code="2">rameau</subfield></datafield><datafield tag="608" ind1="#" ind2="#"><subfield code="3">02724640X</subfield><subfield code="a">Périodique</subfield><subfield code="2">rameau</subfield></datafield><datafield tag="676" ind1="#" ind2="#"><subfield code="a">705</subfield></datafield><datafield tag="676" ind1="#" ind2="#"><subfield code="a">709</subfield></datafield><datafield tag="686" ind1="#" ind2="#"><subfield code="a">AA3000</subfield></datafield><datafield tag="801" ind1="#" ind2="3"><subfield code="a">FR</subfield><subfield code="b">Abes</subfield><subfield code="c">20250604</subfield><subfield code="g">AFNOR</subfield></datafield><datafield tag="801" ind1="#" ind2="3"><subfield code="a">FR</subfield><subfield code="b">ISSN</subfield><subfield code="c">20240731</subfield></datafield><datafield tag="802" ind1="#" ind2="#"><subfield code="a">01</subfield></datafield><datafield tag="830" ind1="#" ind2="#"><subfield code="a">Réforme Rameau Genre-Forme retro périos (ne pas supprimer)</subfield></datafield><datafield tag="930" ind1="#" ind2="#"><subfield code="5">315555245:22067722001</subfield><subfield code="b">315555245</subfield><subfield code="j">f</subfield></datafield><datafield tag="955" ind1="4" ind2="1"><subfield code="5">315555245:22067722001</subfield><subfield code="b">8</subfield><subfield code="i">1980</subfield></datafield><datafield tag="955" ind1="4" ind2="1"><subfield code="5">315555245:22067722001</subfield><subfield code="b">4</subfield><subfield code="i">1996</subfield></datafield><datafield tag="955" ind1="4" ind2="1"><subfield code="5">315555245:22067722001</subfield><subfield code="b">7</subfield><subfield code="i">1996</subfield></datafield><datafield tag="955" ind1="4" ind2="1"><subfield code="5">315555245:22067722001</subfield><subfield code="b">1</subfield><subfield code="i">1997</subfield><subfield code="b">10</subfield><subfield code="i">1998</subfield></datafield><datafield tag="955" ind1="4" ind2="1"><subfield code="5">315555245:22067722001</subfield><subfield code="b">7</subfield><subfield code="i">1999</subfield><subfield code="b">11</subfield><subfield code="i">1999</subfield></datafield><datafield tag="955" ind1="4" ind2="1"><subfield code="5">315555245:22067722001</subfield><subfield code="b">1</subfield><subfield code="i">2000</subfield><subfield code="b">9</subfield><subfield code="i">2000</subfield></datafield><datafield tag="955" ind1="4" ind2="1"><subfield code="5">315555245:22067722001</subfield><subfield code="b">1</subfield><subfield code="i">2001</subfield><subfield code="b">11</subfield><subfield code="i">2002</subfield></datafield><datafield tag="955" ind1="4" ind2="1"><subfield code="5">315555245:22067722001</subfield><subfield code="b">1</subfield><subfield code="i">2003</subfield><subfield code="b">4</subfield><subfield code="i">2003</subfield></datafield><datafield tag="955" ind1="4" ind2="1"><subfield code="5">315555245:22067722001</subfield><subfield code="b">9</subfield><subfield code="i">2003</subfield><subfield code="i"/><subfield code="j"/><subfield code="k"/><subfield code="a"/><subfield code="b"/><subfield code="c"/><subfield code="r">no. 8 (1980) ; no. 4 (1996) ; no. 7 (1996) ; no. 1 (1997) - no. 10  (1998) ; no. 7 (1999) - no. 11  (1999) ; no. 1 (2000) - no. 9  (2000) ; no. 1 (2001) - no. 11  (2002) ; no. 1 (2003) - no. 4  (2003) ; no. 9 (2003)-....</subfield></datafield><datafield tag="940" ind1=" " ind2=" "><subfield code="5">315555245:22067722001</subfield><subfield code="a">20050105</subfield><subfield code="b">xO</subfield></datafield><datafield tag="941" ind1=" " ind2=" "><subfield code="5">315555245:22067722001</subfield><subfield code="a">20050105</subfield><subfield code="b">16:00:12.000</subfield></datafield></record>