<record><leader>     cas0 22        450 </leader><controlfield tag="001">038682362</controlfield><controlfield tag="002">51,63,72,90,204,219,220,222,223,227,229,230,233,408,414,418,428</controlfield><controlfield tag="003">https://www.sudoc.fr/038682362</controlfield><controlfield tag="004">19971118</controlfield><controlfield tag="005">20211111171147.000</controlfield><controlfield tag="006">9999</controlfield><controlfield tag="007">870850002</controlfield><controlfield tag="008">Abx3</controlfield><datafield tag="011" ind1="#" ind2="#"><subfield code="a">1166-1852</subfield><subfield code="f">1166-1852</subfield></datafield><datafield tag="033" ind1="#" ind2="#"><subfield code="a">https://catalogue.bnf.fr/ark:/12148/cb344491017</subfield><subfield code="2">BNF</subfield><subfield code="d">20191220</subfield></datafield><datafield tag="034" ind1=" " ind2=" "><subfield code="a">OCoLC</subfield><subfield code="0">473363719</subfield></datafield><datafield tag="035" ind1="#" ind2="#"><subfield code="a">ccn1166-1852</subfield></datafield><datafield tag="035" ind1="#" ind2="#"><subfield code="a">issn11661852</subfield></datafield><datafield tag="035" ind1="#" ind2="#"><subfield code="1">418</subfield><subfield code="a">36402</subfield></datafield><datafield tag="100" ind1="#" ind2="#"><subfield code="a">19971118b199120  u  y0frey50      ba</subfield><subfield code="Y">0#</subfield><subfield code="A">1991</subfield><subfield code="B">20XX</subfield></datafield><datafield tag="101" ind1="0" ind2="#"><subfield code="a">fre</subfield><subfield code="2">639-2</subfield></datafield><datafield tag="102" ind1="#" ind2="#"><subfield code="a">FR</subfield></datafield><datafield tag="104" ind1="#" ind2="#"><subfield code="a">u</subfield><subfield code="b">y</subfield><subfield code="c">y</subfield><subfield code="d">ba</subfield><subfield code="e">0</subfield><subfield code="f">fre</subfield></datafield><datafield tag="106" ind1="#" ind2="#"><subfield code="a">r</subfield></datafield><datafield tag="110" ind1="#" ind2="#"><subfield code="a">ahu||||@uu|</subfield></datafield><datafield tag="181" ind1="#" ind2="#"><subfield code="6">z01</subfield><subfield code="c">txt</subfield><subfield code="2">rdacontent</subfield></datafield><datafield tag="181" ind1="#" ind2="#"><subfield code="6">z02</subfield><subfield code="c">sti</subfield><subfield code="2">rdacontent</subfield></datafield><datafield tag="181" ind1="#" ind2="1"><subfield code="6">z01</subfield><subfield code="a">i#</subfield><subfield code="b">xxxe##</subfield></datafield><datafield tag="181" ind1="#" ind2="1"><subfield code="6">z02</subfield><subfield code="a">b#</subfield><subfield code="b">xb2e##</subfield></datafield><datafield tag="182" ind1="#" ind2="#"><subfield code="6">z01</subfield><subfield code="c">n</subfield><subfield code="2">rdamedia</subfield></datafield><datafield tag="182" ind1="#" ind2="#"><subfield code="6">z02</subfield><subfield code="c">n</subfield><subfield code="2">rdamedia</subfield></datafield><datafield tag="182" ind1="#" ind2="1"><subfield code="6">z01</subfield><subfield code="a">n</subfield></datafield><datafield tag="182" ind1="#" ind2="1"><subfield code="6">z02</subfield><subfield code="a">n</subfield></datafield><datafield tag="183" ind1="#" ind2="#"><subfield code="6">z01</subfield><subfield code="6">z02</subfield><subfield code="a">nga</subfield><subfield code="2">RDAfrCarrier</subfield></datafield><datafield tag="200" ind1="1" ind2="#"><subfield code="a">Omnibus</subfield><subfield code="e">gazette trimestrielle sur l&apos;art contemporain</subfield></datafield><datafield tag="207" ind1="#" ind2="0"><subfield code="a">N° 1 (1991, nov.)</subfield></datafield><datafield tag="214" ind1="#" ind2="0"><subfield code="a">Paris</subfield><subfield code="c">Association Avance artistique</subfield><subfield code="d">1991-[199.]</subfield></datafield><datafield tag="316" ind1="#" ind2="#"><subfield code="5">674825119:648412008</subfield><subfield code="a">HEARNUM_3_95467</subfield></datafield><datafield tag="319" ind1="#" ind2="#"><subfield code="5">751062312:220637520</subfield><subfield code="a">Reproductible</subfield></datafield><datafield tag="326" ind1="#" ind2="#"><subfield code="a">Trimestriel</subfield></datafield><datafield tag="530" ind1="1" ind2="#"><subfield code="a">Omnibus</subfield><subfield code="b">(Paris. 1991)</subfield></datafield><datafield tag="606" ind1="#" ind2="#"><subfield code="3">027269302</subfield><subfield code="a">Art</subfield><subfield code="3">050665391</subfield><subfield code="z">2000-....</subfield><subfield code="2">rameau</subfield></datafield><datafield tag="606" ind1="#" ind2="#"><subfield code="3">027269418</subfield><subfield code="a">Art</subfield><subfield code="z">20e siècle</subfield><subfield code="2">rameau</subfield></datafield><datafield tag="608" ind1="#" ind2="#"><subfield code="3">02724640X</subfield><subfield code="a">Périodiques</subfield><subfield code="2">rameau</subfield></datafield><datafield tag="675" ind1="#" ind2="#"><subfield code="a">7.036</subfield></datafield><datafield tag="676" ind1="#" ind2="#"><subfield code="a">700</subfield></datafield><datafield tag="676" ind1="#" ind2="#"><subfield code="a">709.04</subfield></datafield><datafield tag="712" ind1="0" ind2="2"><subfield code="3">030981603</subfield><subfield code="a">Avance artistique</subfield><subfield code="c">Paris</subfield><subfield code="4">340</subfield></datafield><datafield tag="801" ind1="#" ind2="3"><subfield code="a">FR</subfield><subfield code="b">Abes</subfield><subfield code="c">20211111</subfield><subfield code="g">AFNOR</subfield></datafield><datafield tag="801" ind1="#" ind2="3"><subfield code="a">FR</subfield><subfield code="b">ISSN</subfield><subfield code="c">20111114</subfield></datafield><datafield tag="802" ind1="#" ind2="#"><subfield code="a">07</subfield></datafield><datafield tag="830" ind1="#" ind2="#"><subfield code="a">Réforme Rameau Genre-Forme retro périos (ne pas supprimer)</subfield></datafield><datafield tag="930" ind1="#" ind2="#"><subfield code="5">315555245:23745387801</subfield><subfield code="b">315555245</subfield><subfield code="j">f</subfield></datafield><datafield tag="955" ind1="4" ind2="1"><subfield code="5">315555245:23745387801</subfield><subfield code="b">2</subfield><subfield code="i">1992</subfield><subfield code="b">11</subfield><subfield code="i">1995</subfield></datafield><datafield tag="955" ind1="4" ind2="1"><subfield code="5">315555245:23745387801</subfield><subfield code="b">13</subfield><subfield code="i">1995</subfield><subfield code="b">14</subfield><subfield code="i">1995</subfield></datafield><datafield tag="955" ind1="4" ind2="1"><subfield code="5">315555245:23745387801</subfield><subfield code="b">16</subfield><subfield code="i">1996</subfield><subfield code="b">18</subfield><subfield code="i">1996</subfield></datafield><datafield tag="955" ind1="4" ind2="1"><subfield code="5">315555245:23745387801</subfield><subfield code="b">21</subfield><subfield code="i">1997</subfield><subfield code="b">32</subfield><subfield code="i">2000</subfield><subfield code="r">no. 2 (1992) - no. 11  (1995) ; no. 13 (1995) - no. 14  (1995) ; no. 16 (1996) - no. 18  (1996) ; no. 21 (1997) - no. 32  (2000)</subfield></datafield><datafield tag="940" ind1=" " ind2=" "><subfield code="5">315555245:23745387801</subfield><subfield code="a">20050726</subfield><subfield code="b">rF</subfield></datafield><datafield tag="941" ind1=" " ind2=" "><subfield code="5">315555245:23745387801</subfield><subfield code="a">20050726</subfield><subfield code="b">18:43:39.000</subfield></datafield></record>