<record><leader>     cas0 22        450 </leader><controlfield tag="001">039281337</controlfield><controlfield tag="002">4,35,50,51,59,61,63,75,80,90,102,146,173,200,201,202,203,204,205,207,209,215,219,220,222,223,224,226,227,228,229,230,232,233,408,412,414,418,424,431</controlfield><controlfield tag="003">https://www.sudoc.fr/039281337</controlfield><controlfield tag="004">19980721</controlfield><controlfield tag="005">20240402104744.000</controlfield><controlfield tag="006">9999</controlfield><controlfield tag="007">341720001</controlfield><controlfield tag="008">Abx3</controlfield><datafield tag="011" ind1="#" ind2="#"><subfield code="a">0256-0917</subfield><subfield code="f">0256-0917</subfield></datafield><datafield tag="033" ind1="#" ind2="#"><subfield code="a">https://catalogue.bnf.fr/ark:/12148/cb34482178z</subfield><subfield code="2">BNF</subfield><subfield code="d">20230125</subfield></datafield><datafield tag="033" ind1="#" ind2="#"><subfield code="a">https://reseau-mirabel.info/revue/titre-id/26068</subfield><subfield code="2">Mir@bel</subfield><subfield code="d">20240402</subfield></datafield><datafield tag="034" ind1=" " ind2=" "><subfield code="a">OCoLC</subfield><subfield code="0">12226189</subfield></datafield><datafield tag="035" ind1="#" ind2="#"><subfield code="a">ccn0256-0917</subfield><subfield code="z">ccn0024/6700</subfield></datafield><datafield tag="035" ind1="#" ind2="#"><subfield code="a">issn02560917</subfield></datafield><datafield tag="035" ind1="#" ind2="#"><subfield code="a">MIR_26068</subfield></datafield><datafield tag="035" ind1="#" ind2="#"><subfield code="1">418</subfield><subfield code="a">36437</subfield></datafield><datafield tag="100" ind1="#" ind2="#"><subfield code="a">19980721b19842017u  y0frey50      ba</subfield><subfield code="Y">0#</subfield><subfield code="A">1984</subfield><subfield code="B">2017</subfield></datafield><datafield tag="101" ind1="0" ind2="#"><subfield code="a">eng</subfield><subfield code="a">ger</subfield><subfield code="2">639-2</subfield></datafield><datafield tag="102" ind1="#" ind2="#"><subfield code="a">CH</subfield></datafield><datafield tag="104" ind1="#" ind2="#"><subfield code="a">u</subfield><subfield code="b">y</subfield><subfield code="c">y</subfield><subfield code="d">ba</subfield><subfield code="e">0</subfield><subfield code="f">fre</subfield></datafield><datafield tag="106" ind1="#" ind2="#"><subfield code="a">r</subfield></datafield><datafield tag="110" ind1="#" ind2="#"><subfield code="a">aia||||0uu|</subfield></datafield><datafield tag="181" ind1="#" ind2="#"><subfield code="6">z01</subfield><subfield code="c">txt</subfield><subfield code="2">rdacontent</subfield></datafield><datafield tag="181" ind1="#" ind2="#"><subfield code="6">z02</subfield><subfield code="c">sti</subfield><subfield code="2">rdacontent</subfield></datafield><datafield tag="181" ind1="#" ind2="1"><subfield code="6">z01</subfield><subfield code="a">i#</subfield><subfield code="b">xxxe##</subfield></datafield><datafield tag="181" ind1="#" ind2="1"><subfield code="6">z02</subfield><subfield code="a">b#</subfield><subfield code="b">xb2e##</subfield></datafield><datafield tag="182" ind1="#" ind2="#"><subfield code="6">z01</subfield><subfield code="c">n</subfield><subfield code="2">rdamedia</subfield></datafield><datafield tag="182" ind1="#" ind2="#"><subfield code="6">z02</subfield><subfield code="c">n</subfield><subfield code="2">rdamedia</subfield></datafield><datafield tag="182" ind1="#" ind2="1"><subfield code="6">z01</subfield><subfield code="a">n</subfield></datafield><datafield tag="182" ind1="#" ind2="1"><subfield code="6">z02</subfield><subfield code="a">n</subfield></datafield><datafield tag="183" ind1="#" ind2="#"><subfield code="6">z01</subfield><subfield code="6">z02</subfield><subfield code="a">nga</subfield><subfield code="2">RDAfrCarrier</subfield></datafield><datafield tag="200" ind1="1" ind2="#"><subfield code="a">Parkett</subfield></datafield><datafield tag="207" ind1="#" ind2="0"><subfield code="a">N°1 (1984)-no. 100/101 (2017)</subfield></datafield><datafield tag="214" ind1="#" ind2="0"><subfield code="a">Zürich</subfield><subfield code="c">Parkett-Verlag</subfield><subfield code="d">1984-2017</subfield></datafield><datafield tag="215" ind1="#" ind2="#"><subfield code="d">27 cm</subfield></datafield><datafield tag="302" ind1="#" ind2="#"><subfield code="a">Texte en anglais et allemand</subfield></datafield><datafield tag="316" ind1="#" ind2="#"><subfield code="5">674825119:567356027</subfield><subfield code="a">HEARNUM_3_95448</subfield></datafield><datafield tag="319" ind1="#" ind2="#"><subfield code="5">130555109:196730368</subfield><subfield code="a">Les numéros avant 1990 sont consultables sur place</subfield></datafield><datafield tag="319" ind1="#" ind2="#"><subfield code="5">751062312:123259029</subfield><subfield code="a">Reproductible</subfield></datafield><datafield tag="326" ind1="#" ind2="#"><subfield code="a">Trois fois par an</subfield></datafield><datafield tag="452" ind1="#" ind2="#"><subfield code="0">219528942</subfield><subfield code="t">Parkett (Internet)</subfield><subfield code="x">2571-5550</subfield></datafield><datafield tag="512" ind1="#" ind2="#"><subfield code="a">The Parkett series with contemporary artists</subfield></datafield><datafield tag="512" ind1="#" ind2="#"><subfield code="a">Die Parkett-Reihe mit gegenwartskünstlern</subfield></datafield><datafield tag="530" ind1="0" ind2="#"><subfield code="a">Parkett</subfield></datafield><datafield tag="531" ind1="#" ind2="#"><subfield code="a">Parkett</subfield></datafield><datafield tag="606" ind1="#" ind2="#"><subfield code="3">027269418</subfield><subfield code="a">Art</subfield><subfield code="z">20e siècle</subfield><subfield code="2">rameau</subfield></datafield><datafield tag="606" ind1="#" ind2="#"><subfield code="3">027269302</subfield><subfield code="a">Art</subfield><subfield code="3">050665391</subfield><subfield code="z">2000-....</subfield><subfield code="2">rameau</subfield></datafield><datafield tag="608" ind1="#" ind2="#"><subfield code="3">02724640X</subfield><subfield code="a">Périodique</subfield><subfield code="2">rameau</subfield></datafield><datafield tag="801" ind1="#" ind2="3"><subfield code="a">FR</subfield><subfield code="b">Abes</subfield><subfield code="c">20240402</subfield><subfield code="g">AFNOR</subfield></datafield><datafield tag="801" ind1="#" ind2="3"><subfield code="a">FR</subfield><subfield code="b">ISSN</subfield><subfield code="c">20180122</subfield></datafield><datafield tag="802" ind1="#" ind2="#"><subfield code="a">40</subfield></datafield><datafield tag="830" ind1="#" ind2="#"><subfield code="a">Réforme Rameau Genre-Forme retro périos (ne pas supprimer)</subfield></datafield><datafield tag="930" ind1="#" ind2="#"><subfield code="5">315555245:22767183X01</subfield><subfield code="b">315555245</subfield><subfield code="j">f</subfield></datafield><datafield tag="955" ind1="4" ind2="1"><subfield code="5">315555245:22767183X01</subfield><subfield code="b">1</subfield><subfield code="i">1984</subfield></datafield><datafield tag="955" ind1="4" ind2="1"><subfield code="5">315555245:22767183X01</subfield><subfield code="b">3</subfield><subfield code="i">1984</subfield><subfield code="b">25</subfield><subfield code="i">1990</subfield></datafield><datafield tag="955" ind1="4" ind2="1"><subfield code="5">315555245:22767183X01</subfield><subfield code="b">28</subfield><subfield code="i">1991</subfield></datafield><datafield tag="955" ind1="4" ind2="1"><subfield code="5">315555245:22767183X01</subfield><subfield code="b">32</subfield><subfield code="i">1992</subfield><subfield code="b">41</subfield><subfield code="i">1994</subfield></datafield><datafield tag="955" ind1="4" ind2="1"><subfield code="5">315555245:22767183X01</subfield><subfield code="b">43</subfield><subfield code="i">1995</subfield><subfield code="b">44</subfield><subfield code="i">1995</subfield></datafield><datafield tag="955" ind1="4" ind2="1"><subfield code="5">315555245:22767183X01</subfield><subfield code="b">48</subfield><subfield code="i">1996</subfield></datafield><datafield tag="955" ind1="4" ind2="1"><subfield code="5">315555245:22767183X01</subfield><subfield code="b">50</subfield><subfield code="i">1997</subfield><subfield code="i"/><subfield code="j"/><subfield code="k"/><subfield code="a"/><subfield code="b"/><subfield code="c"/><subfield code="r">no. 1 (1984) ; no. 3 (1984) - no. 25  (1990) ; no. 28 (1991) ; no. 32 (1992) - no. 41  (1994) ; no. 43 (1995) - no. 44  (1995) ; no. 48 (1996) ; no. 50 (1997)-....</subfield></datafield><datafield tag="940" ind1=" " ind2=" "><subfield code="5">315555245:22767183X01</subfield><subfield code="a">20050405</subfield><subfield code="b">xO</subfield></datafield><datafield tag="941" ind1=" " ind2=" "><subfield code="5">315555245:22767183X01</subfield><subfield code="a">20050405</subfield><subfield code="b">11:30:31.000</subfield></datafield></record>