<record><leader>     cas0 22        450 </leader><controlfield tag="001">040060640</controlfield><controlfield tag="002">50,51,63,90,201,202,203,204,207,215,219,222,223,229,230,232,233,408,414,418,431</controlfield><controlfield tag="003">https://www.sudoc.fr/040060640</controlfield><controlfield tag="004">19921106</controlfield><controlfield tag="005">20250918035012.000</controlfield><controlfield tag="006">9999</controlfield><controlfield tag="007">1999</controlfield><controlfield tag="008">Abx3</controlfield><datafield tag="011" ind1="#" ind2="#"><subfield code="a">1241-5596</subfield><subfield code="f">1241-5596</subfield></datafield><datafield tag="033" ind1="#" ind2="#"><subfield code="a">https://catalogue.bnf.fr/ark:/12148/cb34455666f</subfield><subfield code="2">BNF</subfield><subfield code="d">20191108</subfield></datafield><datafield tag="034" ind1=" " ind2=" "><subfield code="a">OCoLC</subfield><subfield code="0">422089266</subfield></datafield><datafield tag="035" ind1="#" ind2="#"><subfield code="a">ccn1241-5596</subfield></datafield><datafield tag="035" ind1="#" ind2="#"><subfield code="a">issn12415596</subfield></datafield><datafield tag="035" ind1="#" ind2="#"><subfield code="a">FRBNF344556660000007</subfield><subfield code="d">20250917</subfield></datafield><datafield tag="035" ind1="#" ind2="#"><subfield code="1">202</subfield><subfield code="a">232321</subfield></datafield><datafield tag="035" ind1="#" ind2="#"><subfield code="1">418</subfield><subfield code="a">36431</subfield></datafield><datafield tag="100" ind1="#" ind2="#"><subfield code="a">19921106b19912007u  y0frey50      ba</subfield><subfield code="Y">0#</subfield><subfield code="A">1991</subfield><subfield code="B">2007</subfield></datafield><datafield tag="101" ind1="0" ind2="#"><subfield code="a">fre</subfield><subfield code="2">639-2</subfield></datafield><datafield tag="102" ind1="#" ind2="#"><subfield code="a">FR</subfield></datafield><datafield tag="104" ind1="#" ind2="#"><subfield code="a">u</subfield><subfield code="b">y</subfield><subfield code="c">y</subfield><subfield code="d">ba</subfield><subfield code="e">0</subfield><subfield code="f">fre</subfield></datafield><datafield tag="106" ind1="#" ind2="#"><subfield code="a">r</subfield></datafield><datafield tag="110" ind1="#" ind2="#"><subfield code="a">ju|z|||||||</subfield></datafield><datafield tag="181" ind1="#" ind2="#"><subfield code="6">z02</subfield><subfield code="c">sti</subfield><subfield code="2">rdacontent</subfield></datafield><datafield tag="181" ind1="#" ind2="#"><subfield code="6">z01</subfield><subfield code="c">txt</subfield><subfield code="2">rdacontent</subfield></datafield><datafield tag="181" ind1="#" ind2="1"><subfield code="6">z02</subfield><subfield code="a">b#</subfield><subfield code="b">xb2e##</subfield></datafield><datafield tag="181" ind1="#" ind2="1"><subfield code="6">z01</subfield><subfield code="a">i#</subfield><subfield code="b">xxxe##</subfield></datafield><datafield tag="182" ind1="#" ind2="#"><subfield code="6">z02</subfield><subfield code="c">n</subfield><subfield code="2">rdamedia</subfield></datafield><datafield tag="182" ind1="#" ind2="#"><subfield code="6">z01</subfield><subfield code="c">n</subfield><subfield code="2">rdamedia</subfield></datafield><datafield tag="182" ind1="#" ind2="1"><subfield code="6">z02</subfield><subfield code="a">n</subfield></datafield><datafield tag="182" ind1="#" ind2="1"><subfield code="6">z01</subfield><subfield code="a">n</subfield></datafield><datafield tag="183" ind1="#" ind2="#"><subfield code="6">z01</subfield><subfield code="6">z02</subfield><subfield code="a">nga</subfield><subfield code="2">RDAfrCarrier</subfield></datafield><datafield tag="200" ind1="1" ind2="#"><subfield code="a">Turbulences vidéo</subfield><subfield code="e">culture contemporaine, art, vidéo et nouvelles technologies</subfield></datafield><datafield tag="207" ind1="#" ind2="0"><subfield code="a">n.1, 1991-n.56, 2007</subfield></datafield><datafield tag="214" ind1="#" ind2="0"><subfield code="a">Clermont-Ferrand</subfield><subfield code="c">Vidéoformes</subfield><subfield code="d">1991-2007</subfield></datafield><datafield tag="215" ind1="#" ind2="#"><subfield code="d">21 cm</subfield></datafield><datafield tag="300" ind1="#" ind2="#"><subfield code="a">Dernier n° paru : n° 56 (juillet 2007)</subfield></datafield><datafield tag="300" ind1="#" ind2="#"><subfield code="a">A partir de 2007, paraît en ligne http://www.nat.fr/videoformes/VIDEOFORMES/total_cadres.html</subfield></datafield><datafield tag="300" ind1="#" ind2="#"><subfield code="a">Notice réd. d&apos;après le n° de oct./déc. 1992, non numéroté</subfield></datafield><datafield tag="317" ind1="#" ind2="#"><subfield code="5">315555119:572821131</subfield><subfield code="a">Cinémathèque</subfield><subfield code="u">http://www.cineressources.net/ressource.php?collection=PERIODIQUES&amp;pk=805</subfield></datafield><datafield tag="440" ind1="#" ind2="#"><subfield code="0">152570306</subfield><subfield code="t">Turbulences vidéo</subfield><subfield code="x">2259-8022</subfield></datafield><datafield tag="452" ind1="#" ind2="#"><subfield code="0">152570306</subfield><subfield code="t">Turbulences vidéo</subfield><subfield code="x">2259-8022</subfield></datafield><datafield tag="530" ind1="1" ind2="#"><subfield code="a">Turbulences vidéo</subfield><subfield code="b">(Clermont-Ferrand)</subfield></datafield><datafield tag="606" ind1="#" ind2="#"><subfield code="3">027312984</subfield><subfield code="a">Art vidéo</subfield><subfield code="2">rameau</subfield></datafield><datafield tag="606" ind1="#" ind2="#"><subfield code="3">027269418</subfield><subfield code="a">Art</subfield><subfield code="z">20e siècle</subfield><subfield code="2">rameau</subfield></datafield><datafield tag="606" ind1="#" ind2="#"><subfield code="3">027269302</subfield><subfield code="a">Art</subfield><subfield code="3">050665391</subfield><subfield code="z">2000-....</subfield><subfield code="2">rameau</subfield></datafield><datafield tag="608" ind1="#" ind2="#"><subfield code="3">02724640X</subfield><subfield code="a">Périodique</subfield><subfield code="2">rameau</subfield></datafield><datafield tag="675" ind1="#" ind2="#"><subfield code="a">7.01</subfield></datafield><datafield tag="675" ind1="#" ind2="#"><subfield code="a">791.43/.45(445.91)</subfield></datafield><datafield tag="676" ind1="#" ind2="#"><subfield code="a">621.388</subfield></datafield><datafield tag="676" ind1="#" ind2="#"><subfield code="a">700</subfield></datafield><datafield tag="676" ind1="#" ind2="#"><subfield code="a">778.59</subfield></datafield><datafield tag="676" ind1="#" ind2="#"><subfield code="a">791.430 944591</subfield></datafield><datafield tag="676" ind1="#" ind2="#"><subfield code="a">702.810 5</subfield><subfield code="v">23</subfield></datafield><datafield tag="686" ind1="#" ind2="#"><subfield code="a">791</subfield><subfield code="2">Cadre de classement de la Bibliographie nationale française</subfield></datafield><datafield tag="710" ind1="0" ind2="2"><subfield code="R">FRBNF12170702</subfield><subfield code="a">Festival Vidéoformes</subfield><subfield code="4">651</subfield></datafield><datafield tag="712" ind1="0" ind2="2"><subfield code="3">030250358</subfield><subfield code="a">Festival de la création vidéo</subfield><subfield code="4">340</subfield></datafield><datafield tag="801" ind1="#" ind2="3"><subfield code="a">FR</subfield><subfield code="b">Abes</subfield><subfield code="c">20250918</subfield><subfield code="g">AFNOR</subfield></datafield><datafield tag="801" ind1="#" ind2="0"><subfield code="a">FR</subfield><subfield code="b">FR-751131015</subfield><subfield code="c">19921106</subfield><subfield code="g">AFNOR</subfield><subfield code="2">intermrc</subfield></datafield><datafield tag="801" ind1="#" ind2="3"><subfield code="a">FR</subfield><subfield code="b">ISSN France</subfield><subfield code="c">20250917</subfield></datafield><datafield tag="802" ind1="#" ind2="#"><subfield code="a">07</subfield></datafield><datafield tag="830" ind1="#" ind2="#"><subfield code="a">Réforme Rameau Genre-Forme retro périos (ne pas supprimer)</subfield></datafield><datafield tag="930" ind1="#" ind2="#"><subfield code="5">315555245:22776940601</subfield><subfield code="b">315555245</subfield><subfield code="j">f</subfield></datafield><datafield tag="955" ind1="4" ind2="1"><subfield code="5">315555245:22776940601</subfield><subfield code="b">27</subfield><subfield code="i">2000</subfield><subfield code="b">28</subfield><subfield code="i">2000</subfield></datafield><datafield tag="955" ind1="4" ind2="1"><subfield code="5">315555245:22776940601</subfield><subfield code="b">30</subfield><subfield code="i">2001</subfield><subfield code="i"/><subfield code="j"/><subfield code="k"/><subfield code="a"/><subfield code="b"/><subfield code="c"/><subfield code="r">no. 27 (2000) - no. 28  (2000) ; no. 30 (2001)-....</subfield></datafield><datafield tag="940" ind1=" " ind2=" "><subfield code="5">315555245:22776940601</subfield><subfield code="a">20050406</subfield><subfield code="b">xF</subfield></datafield><datafield tag="941" ind1=" " ind2=" "><subfield code="5">315555245:22776940601</subfield><subfield code="a">20080130</subfield><subfield code="b">15:12:09.000</subfield></datafield></record>