<record><leader>     cas0 22        450 </leader><controlfield tag="001">040546802</controlfield><controlfield tag="002">5,8,9,15,16,18,21,24,27,29,36,45,49,51,52,53,56,57,60,63,67,75,98,106,126,170,201,202,203,204,205,206,207,220,222,223,224,227,228,229,230,231,232,233,420,427</controlfield><controlfield tag="003">https://www.sudoc.fr/040546802</controlfield><controlfield tag="004">19970411</controlfield><controlfield tag="005">20230127114931.000</controlfield><controlfield tag="006">9999</controlfield><controlfield tag="007">785512201</controlfield><controlfield tag="008">Abx3</controlfield><datafield tag="011" ind1="#" ind2="#"><subfield code="a">1280-9063</subfield><subfield code="f">1280-9063</subfield></datafield><datafield tag="033" ind1="#" ind2="#"><subfield code="a">https://catalogue.bnf.fr/ark:/12148/cb345459020</subfield><subfield code="2">BNF</subfield><subfield code="d">20191220</subfield></datafield><datafield tag="034" ind1=" " ind2=" "><subfield code="a">OCoLC</subfield><subfield code="0">71015730</subfield></datafield><datafield tag="035" ind1=" " ind2=" "><subfield code="a">073507261</subfield><subfield code="9">sudoc</subfield></datafield><datafield tag="035" ind1="#" ind2="#"><subfield code="a">ccn1280-9063</subfield></datafield><datafield tag="035" ind1="#" ind2="#"><subfield code="a">issn12809063</subfield></datafield><datafield tag="035" ind1="#" ind2="#"><subfield code="a">FRBNF345459020000005</subfield><subfield code="d">20220926</subfield></datafield><datafield tag="035" ind1="#" ind2="#"><subfield code="1">21</subfield><subfield code="a">1256607</subfield></datafield><datafield tag="035" ind1="#" ind2="#"><subfield code="1">24</subfield><subfield code="a">627063</subfield></datafield><datafield tag="035" ind1="#" ind2="#"><subfield code="1">170</subfield><subfield code="a">220831</subfield></datafield><datafield tag="100" ind1="#" ind2="#"><subfield code="a">19970411a19979999||||0fre|50      ba</subfield><subfield code="Y">0#</subfield><subfield code="A">1997</subfield><subfield code="D">1997-...</subfield></datafield><datafield tag="101" ind1="0" ind2="#"><subfield code="a">fre</subfield><subfield code="2">639-2</subfield></datafield><datafield tag="102" ind1="#" ind2="#"><subfield code="a">FR</subfield></datafield><datafield tag="104" ind1="#" ind2="#"><subfield code="d">ba</subfield><subfield code="e">0</subfield><subfield code="f">fre</subfield></datafield><datafield tag="106" ind1="#" ind2="#"><subfield code="a">r</subfield></datafield><datafield tag="110" ind1="#" ind2="#"><subfield code="a">mf||@@ ||||</subfield></datafield><datafield tag="181" ind1="#" ind2="#"><subfield code="6">z01</subfield><subfield code="c">txt</subfield><subfield code="2">rdacontent</subfield></datafield><datafield tag="181" ind1="#" ind2="1"><subfield code="6">z01</subfield><subfield code="a">i#</subfield><subfield code="b">xxxe##</subfield></datafield><datafield tag="182" ind1="#" ind2="#"><subfield code="6">z01</subfield><subfield code="c">n</subfield><subfield code="2">rdamedia</subfield></datafield><datafield tag="182" ind1="#" ind2="1"><subfield code="6">z01</subfield><subfield code="a">n</subfield></datafield><datafield tag="183" ind1="#" ind2="#"><subfield code="6">z01</subfield><subfield code="a">nga</subfield><subfield code="2">RDAfrCarrier</subfield></datafield><datafield tag="200" ind1="1" ind2="#"><subfield code="a">Le Petit Léonard</subfield><subfield code="e">le magazine d&apos;initiation à l&apos;art</subfield><subfield code="f">directrice de la publication Jeanne Faton-Boyancé</subfield></datafield><datafield tag="207" ind1="#" ind2="0"><subfield code="a">N° 1 (février 1997)</subfield></datafield><datafield tag="214" ind1="#" ind2="0"><subfield code="a">Dijon</subfield><subfield code="c">Éd. Faton</subfield><subfield code="d">1997-</subfield></datafield><datafield tag="214" ind1="#" ind2="0"><subfield code="a">Dijon</subfield><subfield code="b">25 rue Berbisey ; 21000</subfield><subfield code="c">Éd. Faton</subfield><subfield code="d">[1997]-</subfield></datafield><datafield tag="215" ind1="#" ind2="#"><subfield code="c">ill. en coul., couv. ill. en coul.</subfield><subfield code="d">30 cm</subfield></datafield><datafield tag="300" ind1="#" ind2="#"><subfield code="a">Notice corrigée d&apos;après le n°132 (janvier 2009)</subfield></datafield><datafield tag="304" ind1="#" ind2="#"><subfield code="a">Réd. Jeanne Faton-Boyancé, Maryse Desgrange, Marie-Jo Vaissaire-Vidalinc</subfield></datafield><datafield tag="326" ind1="#" ind2="#"><subfield code="a">Mensuel</subfield></datafield><datafield tag="421" ind1="#" ind2="#"><subfield code="0">264679911</subfield><subfield code="t">Les albums du Petit Léonard</subfield><subfield code="x">2827-2676</subfield></datafield><datafield tag="421" ind1="#" ind2="#"><subfield code="0">157727254</subfield><subfield code="t">Le Petit Léonard. Hors-série</subfield><subfield code="x">2119-2812</subfield></datafield><datafield tag="530" ind1="1" ind2="#"><subfield code="a">Le Petit Léonard</subfield><subfield code="b">(Dijon)</subfield></datafield><datafield tag="606" ind1="#" ind2="#"><subfield code="3">027269302</subfield><subfield code="a">Art</subfield><subfield code="2">rameau</subfield></datafield><datafield tag="606" ind1="#" ind2="#"><subfield code="3">027269302</subfield><subfield code="a">Art</subfield><subfield code="3">033986819</subfield><subfield code="x">Périodiques pour la jeunesse</subfield><subfield code="2">rameau</subfield></datafield><datafield tag="608" ind1="#" ind2="#"><subfield code="3">033986819</subfield><subfield code="a">Périodiques pour la jeunesse</subfield><subfield code="2">rameau</subfield></datafield><datafield tag="608" ind1="#" ind2="#"><subfield code="3">02724640X</subfield><subfield code="a">Périodique</subfield><subfield code="2">rameau</subfield></datafield><datafield tag="675" ind1="#" ind2="#"><subfield code="a">087.5(44)</subfield></datafield><datafield tag="676" ind1="#" ind2="#"><subfield code="a">704.083</subfield><subfield code="v">22</subfield></datafield><datafield tag="676" ind1="#" ind2="#"><subfield code="a">705</subfield><subfield code="v">22</subfield></datafield><datafield tag="686" ind1="#" ind2="#"><subfield code="a">073</subfield><subfield code="2">Cadre de classement de la Bibliographie nationale française</subfield></datafield><datafield tag="700" ind1="#" ind2="1"><subfield code="3">130902977</subfield><subfield code="a">Faton-Boyancé</subfield><subfield code="b">Jeanne</subfield><subfield code="f">19..-....</subfield><subfield code="4">651</subfield></datafield><datafield tag="702" ind1="#" ind2="1"><subfield code="R">FRBNF16821594</subfield><subfield code="a">Vaissaire-Vidalinc</subfield><subfield code="b">Marie-Jo</subfield><subfield code="f">1971-....</subfield><subfield code="4">710</subfield></datafield><datafield tag="702" ind1="#" ind2="1"><subfield code="R">FRBNF16811832</subfield><subfield code="a">Desgrange</subfield><subfield code="b">Maryse</subfield><subfield code="4">710</subfield></datafield><datafield tag="801" ind1="#" ind2="0"><subfield code="a">FR</subfield><subfield code="b">FR-751131015</subfield><subfield code="c">19970411</subfield><subfield code="g">AFNOR</subfield><subfield code="2">intermrc</subfield></datafield><datafield tag="801" ind1="#" ind2="3"><subfield code="a">FR</subfield><subfield code="b">ISSN France</subfield><subfield code="c">20220926</subfield></datafield><datafield tag="802" ind1="#" ind2="#"><subfield code="a">07</subfield></datafield><datafield tag="930" ind1="#" ind2="#"><subfield code="5">315555245:22785875101</subfield><subfield code="b">315555245</subfield><subfield code="j">f</subfield></datafield><datafield tag="955" ind1="4" ind2="1"><subfield code="5">315555245:22785875101</subfield><subfield code="b">39</subfield><subfield code="j">jul</subfield><subfield code="i">2000</subfield><subfield code="i"/><subfield code="j"/><subfield code="k"/><subfield code="a"/><subfield code="b"/><subfield code="c"/><subfield code="r">no. 39 (jul-2000)-....</subfield></datafield><datafield tag="940" ind1=" " ind2=" "><subfield code="5">315555245:22785875101</subfield><subfield code="a">20050407</subfield><subfield code="b">xO</subfield></datafield><datafield tag="941" ind1=" " ind2=" "><subfield code="5">315555245:22785875101</subfield><subfield code="a">20050407</subfield><subfield code="b">12:48:49.000</subfield></datafield></record>