<record><leader>     cas0 22        450 </leader><controlfield tag="001">058186883</controlfield><controlfield tag="002">50,63,67,72,90,102,185,201,202,204,207,215,219,220,222,223,224,226,227,228,229,230,231,232,408,412,414,418,427,428</controlfield><controlfield tag="003">https://www.sudoc.fr/058186883</controlfield><controlfield tag="004">20010401</controlfield><controlfield tag="005">20210702112841.000</controlfield><controlfield tag="006">999999998</controlfield><controlfield tag="007">751062312</controlfield><controlfield tag="008">Abx3</controlfield><datafield tag="011" ind1="#" ind2="#"><subfield code="a">1373-9549</subfield><subfield code="f">1373-9549</subfield></datafield><datafield tag="034" ind1=" " ind2=" "><subfield code="a">OCoLC</subfield><subfield code="0">424050637</subfield></datafield><datafield tag="035" ind1="#" ind2="#"><subfield code="a">issn13739549</subfield></datafield><datafield tag="035" ind1="#" ind2="#"><subfield code="1">418</subfield><subfield code="a">35664</subfield></datafield><datafield tag="100" ind1="#" ind2="#"><subfield code="a">20010401a19989999m  a0frey50      ba</subfield><subfield code="Y">0#</subfield><subfield code="A">1998</subfield><subfield code="D">1998-...</subfield></datafield><datafield tag="101" ind1="0" ind2="#"><subfield code="a">fre</subfield><subfield code="2">639-2</subfield></datafield><datafield tag="102" ind1="#" ind2="#"><subfield code="a">BE</subfield></datafield><datafield tag="104" ind1="#" ind2="#"><subfield code="a">m</subfield><subfield code="b">a</subfield><subfield code="c">y</subfield><subfield code="d">ba</subfield><subfield code="e">0</subfield><subfield code="f">fre</subfield></datafield><datafield tag="106" ind1="#" ind2="#"><subfield code="a">r</subfield></datafield><datafield tag="110" ind1="#" ind2="#"><subfield code="a">ah|||||||||</subfield></datafield><datafield tag="181" ind1="#" ind2="#"><subfield code="6">z01</subfield><subfield code="c">txt</subfield><subfield code="2">rdacontent</subfield></datafield><datafield tag="181" ind1="#" ind2="#"><subfield code="6">z02</subfield><subfield code="c">sti</subfield><subfield code="2">rdacontent</subfield></datafield><datafield tag="181" ind1="#" ind2="1"><subfield code="6">z01</subfield><subfield code="a">i#</subfield><subfield code="b">xxxe##</subfield></datafield><datafield tag="181" ind1="#" ind2="1"><subfield code="6">z02</subfield><subfield code="a">b#</subfield><subfield code="b">xb2e##</subfield></datafield><datafield tag="182" ind1="#" ind2="#"><subfield code="6">z01</subfield><subfield code="c">n</subfield><subfield code="2">rdamedia</subfield></datafield><datafield tag="182" ind1="#" ind2="#"><subfield code="6">z02</subfield><subfield code="c">n</subfield><subfield code="2">rdamedia</subfield></datafield><datafield tag="182" ind1="#" ind2="1"><subfield code="6">z01</subfield><subfield code="a">n</subfield></datafield><datafield tag="182" ind1="#" ind2="1"><subfield code="6">z02</subfield><subfield code="a">n</subfield></datafield><datafield tag="183" ind1="#" ind2="#"><subfield code="6">z01</subfield><subfield code="6">z02</subfield><subfield code="a">nga</subfield><subfield code="2">RDAfrCarrier</subfield></datafield><datafield tag="200" ind1="1" ind2="#"><subfield code="a">L&apos;Art même</subfield><subfield code="e">lettre des arts plastiques de la communauté française de Belgique</subfield></datafield><datafield tag="214" ind1="#" ind2="0"><subfield code="a">Bruxelles</subfield><subfield code="c">Ministère de la Communauté française</subfield><subfield code="d">1998-</subfield></datafield><datafield tag="316" ind1="#" ind2="#"><subfield code="5">674825119:564478091</subfield><subfield code="a">HEARNUM_3_96080</subfield></datafield><datafield tag="319" ind1="#" ind2="#"><subfield code="5">751062312:223316970</subfield><subfield code="a">Reproductible</subfield></datafield><datafield tag="326" ind1="#" ind2="#"><subfield code="a">Trimestriel</subfield></datafield><datafield tag="517" ind1="#" ind2="#"><subfield code="a">L&apos;Art même</subfield><subfield code="e">chronique des arts plastiques de la Fédération Wallonie-Bruxelles</subfield></datafield><datafield tag="517" ind1="#" ind2="#"><subfield code="a">L&apos;art même</subfield><subfield code="e">chronique des arts plastiques de la communauté française de Belgique</subfield></datafield><datafield tag="530" ind1="0" ind2="#"><subfield code="a">L&apos;Art même</subfield></datafield><datafield tag="531" ind1="#" ind2="#"><subfield code="a">Art même</subfield></datafield><datafield tag="606" ind1="#" ind2="#"><subfield code="3">050732897</subfield><subfield code="a">Art français</subfield><subfield code="3">02725030X</subfield><subfield code="y">Belgique</subfield><subfield code="3">086305646</subfield><subfield code="z">20e siècle</subfield><subfield code="2">rameau</subfield></datafield><datafield tag="606" ind1="#" ind2="#"><subfield code="3">050732897</subfield><subfield code="a">Art français</subfield><subfield code="3">02725030X</subfield><subfield code="y">Belgique</subfield><subfield code="3">050665391</subfield><subfield code="z">2000-....</subfield><subfield code="2">rameau</subfield></datafield><datafield tag="606" ind1="#" ind2="#"><subfield code="3">027269418</subfield><subfield code="a">Art</subfield><subfield code="z">20e siècle</subfield><subfield code="2">rameau</subfield></datafield><datafield tag="606" ind1="#" ind2="#"><subfield code="3">027269302</subfield><subfield code="a">Art</subfield><subfield code="3">050665391</subfield><subfield code="z">2000-....</subfield><subfield code="2">rameau</subfield></datafield><datafield tag="608" ind1="#" ind2="#"><subfield code="3">02724640X</subfield><subfield code="a">Périodique</subfield><subfield code="2">rameau</subfield></datafield><datafield tag="675" ind1="#" ind2="#"><subfield code="a">347.784</subfield></datafield><datafield tag="676" ind1="#" ind2="#"><subfield code="a">700</subfield></datafield><datafield tag="676" ind1="#" ind2="#"><subfield code="a">709.04</subfield></datafield><datafield tag="712" ind1="0" ind2="2"><subfield code="3">028900111</subfield><subfield code="a">Belgique</subfield><subfield code="b">Ministère de la communauté française</subfield><subfield code="c">...-2010</subfield><subfield code="4">340</subfield></datafield><datafield tag="801" ind1="#" ind2="3"><subfield code="a">FR</subfield><subfield code="b">Abes</subfield><subfield code="c">20210702</subfield><subfield code="g">AFNOR</subfield></datafield><datafield tag="801" ind1="#" ind2="3"><subfield code="a">FR</subfield><subfield code="b">ISSN</subfield><subfield code="c">20010401</subfield></datafield><datafield tag="802" ind1="#" ind2="#"><subfield code="a">0m</subfield></datafield><datafield tag="830" ind1="#" ind2="#"><subfield code="a">Réforme Rameau Genre-Forme retro périos (ne pas supprimer)</subfield></datafield><datafield tag="930" ind1="#" ind2="#"><subfield code="5">315555245:23480960401</subfield><subfield code="b">315555245</subfield><subfield code="j">f</subfield></datafield><datafield tag="955" ind1="4" ind2="1"><subfield code="5">315555245:23480960401</subfield><subfield code="b">4</subfield><subfield code="i">1999</subfield></datafield><datafield tag="955" ind1="4" ind2="1"><subfield code="5">315555245:23480960401</subfield><subfield code="b">6</subfield><subfield code="i">2000</subfield><subfield code="b">8</subfield><subfield code="i">2000</subfield></datafield><datafield tag="955" ind1="4" ind2="1"><subfield code="5">315555245:23480960401</subfield><subfield code="b">15</subfield><subfield code="i">2002</subfield></datafield><datafield tag="955" ind1="4" ind2="1"><subfield code="5">315555245:23480960401</subfield><subfield code="b">18</subfield><subfield code="i">2003</subfield><subfield code="b">24</subfield><subfield code="i">2004</subfield><subfield code="r">no. 4 (1999) ; no. 6 (2000) - no. 8  (2000) ; no. 15 (2002) ; no. 18 (2003) - no. 24  (2004)</subfield></datafield><datafield tag="940" ind1=" " ind2=" "><subfield code="5">315555245:23480960401</subfield><subfield code="a">20050623</subfield><subfield code="b">rF</subfield></datafield><datafield tag="941" ind1=" " ind2=" "><subfield code="5">315555245:23480960401</subfield><subfield code="a">20050623</subfield><subfield code="b">17:17:19.000</subfield></datafield></record>