<record><leader>     cas0 22        450 </leader><controlfield tag="001">060669241</controlfield><controlfield tag="002">4,50,63,90,102,200,202,204,215,219,220,222,223,229,232,233,408,412,414,418,431</controlfield><controlfield tag="003">https://www.sudoc.fr/060669241</controlfield><controlfield tag="004">20020308</controlfield><controlfield tag="005">20240402104904.000</controlfield><controlfield tag="006">999999998</controlfield><controlfield tag="007">341720001</controlfield><controlfield tag="008">Abx3</controlfield><datafield tag="011" ind1="#" ind2="#"><subfield code="a">1632-0905</subfield><subfield code="f">1632-0905</subfield></datafield><datafield tag="033" ind1="#" ind2="#"><subfield code="a">https://catalogue.bnf.fr/ark:/12148/cb37723680t</subfield><subfield code="2">BNF</subfield><subfield code="d">20191115</subfield></datafield><datafield tag="033" ind1="#" ind2="#"><subfield code="a">https://reseau-mirabel.info/revue/titre-id/26160</subfield><subfield code="2">Mir@bel</subfield><subfield code="d">20240402</subfield></datafield><datafield tag="034" ind1=" " ind2=" "><subfield code="a">OCoLC</subfield><subfield code="0">173697670</subfield></datafield><datafield tag="035" ind1="#" ind2="#"><subfield code="a">issn16320905</subfield></datafield><datafield tag="035" ind1="#" ind2="#"><subfield code="a">MIR_26160</subfield></datafield><datafield tag="035" ind1="#" ind2="#"><subfield code="1">418</subfield><subfield code="a">36313</subfield></datafield><datafield tag="100" ind1="#" ind2="#"><subfield code="a">20020308b20022010u  y0frey50      ba</subfield><subfield code="Y">0#</subfield><subfield code="A">2002</subfield><subfield code="B">2010</subfield></datafield><datafield tag="101" ind1="0" ind2="#"><subfield code="a">fre</subfield><subfield code="2">639-2</subfield></datafield><datafield tag="102" ind1="#" ind2="#"><subfield code="a">FR</subfield></datafield><datafield tag="104" ind1="#" ind2="#"><subfield code="a">u</subfield><subfield code="b">y</subfield><subfield code="c">y</subfield><subfield code="d">ba</subfield><subfield code="e">0</subfield><subfield code="f">fre</subfield></datafield><datafield tag="106" ind1="#" ind2="#"><subfield code="a">r</subfield></datafield><datafield tag="110" ind1="#" ind2="#"><subfield code="a">ajuzz  0uu|</subfield></datafield><datafield tag="181" ind1="#" ind2="#"><subfield code="6">z01</subfield><subfield code="c">txt</subfield><subfield code="2">rdacontent</subfield></datafield><datafield tag="181" ind1="#" ind2="1"><subfield code="6">z01</subfield><subfield code="a">i#</subfield><subfield code="b">xxxe##</subfield></datafield><datafield tag="182" ind1="#" ind2="#"><subfield code="6">z01</subfield><subfield code="c">n</subfield><subfield code="2">rdamedia</subfield></datafield><datafield tag="182" ind1="#" ind2="1"><subfield code="6">z01</subfield><subfield code="a">n</subfield></datafield><datafield tag="183" ind1="#" ind2="#"><subfield code="6">z01</subfield><subfield code="a">nga</subfield><subfield code="2">RDAfrCarrier</subfield></datafield><datafield tag="200" ind1="1" ind2="#"><subfield code="a">Trouble</subfield></datafield><datafield tag="207" ind1="#" ind2="1"><subfield code="a">N°1 (2002)-n°8 (2010)</subfield></datafield><datafield tag="214" ind1="#" ind2="0"><subfield code="a">Paris</subfield><subfield code="c">Trouble</subfield><subfield code="d">2002-2010</subfield></datafield><datafield tag="300" ind1="#" ind2="#"><subfield code="a">Après 6 numéros publications entre 2001 et 2006, la revue Trouble devient une série de catalogues d&apos;expositions fictives. Il est désormais gratuit.</subfield></datafield><datafield tag="316" ind1="#" ind2="#"><subfield code="5">674825119:567365123</subfield><subfield code="a">HEARNUM_3_96842</subfield></datafield><datafield tag="319" ind1="#" ind2="#"><subfield code="5">751062312:223131954</subfield><subfield code="a">Reproductible</subfield></datafield><datafield tag="326" ind1="#" ind2="#"><subfield code="a">Semestriel</subfield></datafield><datafield tag="530" ind1="1" ind2="#"><subfield code="a">Trouble</subfield><subfield code="b">(Paris)</subfield></datafield><datafield tag="531" ind1="#" ind2="#"><subfield code="a">Trouble</subfield><subfield code="b">(Paris)</subfield></datafield><datafield tag="606" ind1="#" ind2="#"><subfield code="3">02734827X</subfield><subfield code="a">Art et société</subfield><subfield code="2">rameau</subfield></datafield><datafield tag="606" ind1="#" ind2="#"><subfield code="3">027269302</subfield><subfield code="a">Art</subfield><subfield code="3">050665391</subfield><subfield code="z">2000-....</subfield><subfield code="2">rameau</subfield></datafield><datafield tag="608" ind1="#" ind2="#"><subfield code="3">02724640X</subfield><subfield code="a">Périodique</subfield><subfield code="2">rameau</subfield></datafield><datafield tag="675" ind1="#" ind2="#"><subfield code="a">7</subfield></datafield><datafield tag="675" ind1="#" ind2="#"><subfield code="a">82</subfield></datafield><datafield tag="676" ind1="#" ind2="#"><subfield code="a">700</subfield></datafield><datafield tag="676" ind1="#" ind2="#"><subfield code="a">805</subfield></datafield><datafield tag="801" ind1="#" ind2="3"><subfield code="a">FR</subfield><subfield code="b">Abes</subfield><subfield code="c">20240402</subfield><subfield code="g">AFNOR</subfield></datafield><datafield tag="801" ind1="#" ind2="3"><subfield code="a">FR</subfield><subfield code="b">ISSN</subfield><subfield code="c">20180122</subfield></datafield><datafield tag="802" ind1="#" ind2="#"><subfield code="a">07</subfield></datafield><datafield tag="830" ind1="#" ind2="#"><subfield code="a">Réforme Rameau Genre-Forme retro périos (ne pas supprimer)</subfield></datafield><datafield tag="930" ind1="#" ind2="#"><subfield code="5">315555245:22774986301</subfield><subfield code="b">315555245</subfield><subfield code="j">f</subfield></datafield><datafield tag="955" ind1="4" ind2="1"><subfield code="5">315555245:22774986301</subfield><subfield code="b">1</subfield><subfield code="i">2002</subfield><subfield code="i"/><subfield code="j"/><subfield code="k"/><subfield code="a"/><subfield code="b"/><subfield code="c"/><subfield code="r">no. 1 (2002)-....</subfield></datafield><datafield tag="940" ind1=" " ind2=" "><subfield code="5">315555245:22774986301</subfield><subfield code="a">20050406</subfield><subfield code="b">xO</subfield></datafield><datafield tag="941" ind1=" " ind2=" "><subfield code="5">315555245:22774986301</subfield><subfield code="a">20050406</subfield><subfield code="b">15:12:39.000</subfield></datafield></record>