<record><leader>     cas0 22        450 </leader><controlfield tag="001">037808036</controlfield><controlfield tag="002">4,15,21,50,51,63,90,102,173,200,201,202,203,204,205,207,209,215,219,220,222,223,224,225,226,227,228,229,230,231,232,233,408,412,414,418,427,428,431</controlfield><controlfield tag="003">https://www.sudoc.fr/037808036</controlfield><controlfield tag="004">19910807</controlfield><controlfield tag="005">20250107182520.000</controlfield><controlfield tag="006">9999</controlfield><controlfield tag="007">1999</controlfield><controlfield tag="008">Abx3</controlfield><datafield tag="011" ind1="#" ind2="#"><subfield code="a">0294-1880</subfield><subfield code="f">0294-1880</subfield></datafield><datafield tag="033" ind1="#" ind2="#"><subfield code="a">https://catalogue.bnf.fr/ark:/12148/cb34371279z</subfield><subfield code="2">BNF</subfield><subfield code="d">20191112</subfield></datafield><datafield tag="034" ind1=" " ind2=" "><subfield code="a">OCoLC</subfield><subfield code="0">473646525</subfield></datafield><datafield tag="035" ind1="#" ind2="#"><subfield code="a">ccn0294-1880</subfield></datafield><datafield tag="035" ind1="#" ind2="#"><subfield code="a">issn02941880</subfield></datafield><datafield tag="035" ind1="#" ind2="#"><subfield code="1">21</subfield><subfield code="a">161556</subfield></datafield><datafield tag="035" ind1="#" ind2="#"><subfield code="1">418</subfield><subfield code="a">36399</subfield></datafield><datafield tag="100" ind1="#" ind2="#"><subfield code="a">19910807b19831990m  y0frey50      ba</subfield><subfield code="Y">0#</subfield><subfield code="A">1983</subfield><subfield code="B">1990</subfield></datafield><datafield tag="101" ind1="0" ind2="#"><subfield code="a">fre</subfield><subfield code="2">639-2</subfield></datafield><datafield tag="102" ind1="#" ind2="#"><subfield code="a">FR</subfield></datafield><datafield tag="104" ind1="#" ind2="#"><subfield code="a">m</subfield><subfield code="b">y</subfield><subfield code="c">y</subfield><subfield code="d">ba</subfield><subfield code="e">0</subfield><subfield code="f">fre</subfield></datafield><datafield tag="106" ind1="#" ind2="#"><subfield code="a">r</subfield></datafield><datafield tag="110" ind1="#" ind2="#"><subfield code="a">agu||||0uu|</subfield></datafield><datafield tag="181" ind1="#" ind2="#"><subfield code="6">z01</subfield><subfield code="c">txt</subfield><subfield code="2">rdacontent</subfield></datafield><datafield tag="181" ind1="#" ind2="#"><subfield code="6">z02</subfield><subfield code="c">sti</subfield><subfield code="2">rdacontent</subfield></datafield><datafield tag="181" ind1="#" ind2="1"><subfield code="6">z01</subfield><subfield code="a">i#</subfield><subfield code="b">xxxe##</subfield></datafield><datafield tag="181" ind1="#" ind2="1"><subfield code="6">z02</subfield><subfield code="a">b#</subfield><subfield code="b">xb2e##</subfield></datafield><datafield tag="182" ind1="#" ind2="#"><subfield code="6">z01</subfield><subfield code="6">z02</subfield><subfield code="c">n</subfield><subfield code="2">rdamedia</subfield></datafield><datafield tag="182" ind1="#" ind2="1"><subfield code="6">z01</subfield><subfield code="6">z02</subfield><subfield code="a">n</subfield></datafield><datafield tag="183" ind1="#" ind2="#"><subfield code="6">z01</subfield><subfield code="6">z02</subfield><subfield code="a">nga</subfield><subfield code="2">RDAfrCarrier</subfield></datafield><datafield tag="200" ind1="1" ind2="#"><subfield code="a">Eighty</subfield><subfield code="e">Les peintres en France dans les années 80</subfield><subfield code="f">dir. publ. Jean-Luc Flohic</subfield></datafield><datafield tag="207" ind1="#" ind2="1"><subfield code="a">N.1(1983)-n.33(1990)</subfield></datafield><datafield tag="214" ind1="#" ind2="0"><subfield code="a">Paris</subfield><subfield code="c">Eighty</subfield><subfield code="d">1983-1990</subfield></datafield><datafield tag="316" ind1="#" ind2="#"><subfield code="5">710766101:324953399</subfield><subfield code="a">(1983-1990)</subfield></datafield><datafield tag="319" ind1="#" ind2="#"><subfield code="5">130555109:196728541</subfield><subfield code="a">Les numéros avant 1990 sont consultables sur place</subfield></datafield><datafield tag="319" ind1="#" ind2="#"><subfield code="5">751062312:11879258X</subfield><subfield code="a">Reproductible</subfield></datafield><datafield tag="326" ind1="#" ind2="#"><subfield code="a">Bimestriel</subfield></datafield><datafield tag="440" ind1="#" ind2="#"><subfield code="0">039924351</subfield><subfield code="t">Ninety (Paris)</subfield><subfield code="x">1155-1240</subfield></datafield><datafield tag="463" ind1="#" ind2="#"><subfield code="t">Henri Cueco</subfield></datafield><datafield tag="463" ind1="#" ind2="#"><subfield code="t">Pierre Faucher</subfield></datafield><datafield tag="517" ind1="#" ind2="#"><subfield code="a">Eighty magazine (Paris)</subfield></datafield><datafield tag="530" ind1="1" ind2="#"><subfield code="a">Eighty</subfield><subfield code="b">(Paris)</subfield></datafield><datafield tag="531" ind1="#" ind2="#"><subfield code="a">Eighty</subfield><subfield code="b">(Paris)</subfield></datafield><datafield tag="606" ind1="#" ind2="#"><subfield code="3">027269418</subfield><subfield code="a">Art</subfield><subfield code="z">20e siècle</subfield><subfield code="2">rameau</subfield></datafield><datafield tag="608" ind1="#" ind2="#"><subfield code="3">02724640X</subfield><subfield code="a">Périodique</subfield><subfield code="2">rameau</subfield></datafield><datafield tag="700" ind1="#" ind2="1"><subfield code="3">035171073</subfield><subfield code="a">Flohic</subfield><subfield code="b">Jean-Luc</subfield><subfield code="f">1942-....</subfield><subfield code="4">651</subfield></datafield><datafield tag="801" ind1="#" ind2="3"><subfield code="a">FR</subfield><subfield code="b">Abes</subfield><subfield code="c">20250107</subfield><subfield code="g">AFNOR</subfield></datafield><datafield tag="801" ind1="#" ind2="3"><subfield code="a">FR</subfield><subfield code="b">ISSN</subfield><subfield code="c">20121122</subfield></datafield><datafield tag="802" ind1="#" ind2="#"><subfield code="a">07</subfield></datafield><datafield tag="830" ind1="#" ind2="#"><subfield code="a">Réforme Rameau Genre-Forme retro périos (ne pas supprimer)</subfield></datafield><datafield tag="930" ind1="#" ind2="#"><subfield code="5">315555245:23498139301</subfield><subfield code="b">315555245</subfield><subfield code="j">f</subfield></datafield><datafield tag="955" ind1="4" ind2="1"><subfield code="5">315555245:23498139301</subfield><subfield code="b">2</subfield><subfield code="i">1984</subfield></datafield><datafield tag="955" ind1="4" ind2="1"><subfield code="5">315555245:23498139301</subfield><subfield code="b">9</subfield><subfield code="i">1985</subfield></datafield><datafield tag="955" ind1="4" ind2="1"><subfield code="5">315555245:23498139301</subfield><subfield code="b">15</subfield><subfield code="i">1986</subfield></datafield><datafield tag="955" ind1="4" ind2="1"><subfield code="5">315555245:23498139301</subfield><subfield code="b">28</subfield><subfield code="i">1989</subfield></datafield><datafield tag="955" ind1="4" ind2="1"><subfield code="5">315555245:23498139301</subfield><subfield code="b">33</subfield><subfield code="i">1990</subfield><subfield code="r">no. 2 (1984) ; no. 9 (1985) ; no. 15 (1986) ; no. 28 (1989) ; no. 33 (1990)</subfield></datafield><datafield tag="940" ind1=" " ind2=" "><subfield code="5">315555245:23498139301</subfield><subfield code="a">20050627</subfield><subfield code="b">rF</subfield></datafield><datafield tag="941" ind1=" " ind2=" "><subfield code="5">315555245:23498139301</subfield><subfield code="a">20050627</subfield><subfield code="b">19:42:08.000</subfield></datafield></record>