<record><leader>     cas0 22        450 </leader><controlfield tag="001">039130843</controlfield><controlfield tag="002">41,50,51,59,62,63,75,90,102,173,200,201,203,204,206,209,219,222,223,224,227,229,230,232,408,412,414,418,431</controlfield><controlfield tag="003">https://www.sudoc.fr/039130843</controlfield><controlfield tag="004">19901128</controlfield><controlfield tag="005">20250304143433.000</controlfield><controlfield tag="006">9999</controlfield><controlfield tag="007">1999</controlfield><controlfield tag="008">Abx3</controlfield><datafield tag="011" ind1="#" ind2="#"><subfield code="a">0177-3674</subfield><subfield code="f">0177-3674</subfield></datafield><datafield tag="034" ind1=" " ind2=" "><subfield code="a">OCoLC</subfield><subfield code="0">2710706</subfield></datafield><datafield tag="035" ind1="#" ind2="#"><subfield code="a">ccn0177-3674</subfield></datafield><datafield tag="035" ind1="#" ind2="#"><subfield code="a">issn01773674</subfield></datafield><datafield tag="035" ind1="#" ind2="#"><subfield code="1">418</subfield><subfield code="a">36418</subfield></datafield><datafield tag="100" ind1="#" ind2="#"><subfield code="a">19901128a19739999u  y0frey50      ba</subfield><subfield code="Y">0#</subfield><subfield code="A">1973</subfield><subfield code="D">1973-...</subfield></datafield><datafield tag="101" ind1="0" ind2="#"><subfield code="a">ger</subfield><subfield code="2">639-2</subfield></datafield><datafield tag="102" ind1="#" ind2="#"><subfield code="a">DE</subfield></datafield><datafield tag="104" ind1="#" ind2="#"><subfield code="a">u</subfield><subfield code="b">y</subfield><subfield code="c">y</subfield><subfield code="d">ba</subfield><subfield code="e">0</subfield><subfield code="f">fre</subfield></datafield><datafield tag="106" ind1="#" ind2="#"><subfield code="a">r</subfield></datafield><datafield tag="110" ind1="#" ind2="#"><subfield code="a">azu||||0uu|</subfield></datafield><datafield tag="181" ind1="#" ind2="#"><subfield code="6">z02</subfield><subfield code="c">sti</subfield><subfield code="2">rdacontent</subfield></datafield><datafield tag="181" ind1="#" ind2="#"><subfield code="6">z01</subfield><subfield code="c">txt</subfield><subfield code="2">rdacontent</subfield></datafield><datafield tag="181" ind1="#" ind2="1"><subfield code="6">z02</subfield><subfield code="a">b#</subfield><subfield code="b">xb2e##</subfield></datafield><datafield tag="181" ind1="#" ind2="1"><subfield code="6">z01</subfield><subfield code="a">i#</subfield><subfield code="b">xxxe##</subfield></datafield><datafield tag="182" ind1="#" ind2="#"><subfield code="6">z01</subfield><subfield code="6">z02</subfield><subfield code="c">n</subfield><subfield code="2">rdamedia</subfield></datafield><datafield tag="182" ind1="#" ind2="1"><subfield code="6">z01</subfield><subfield code="6">z02</subfield><subfield code="a">n</subfield></datafield><datafield tag="183" ind1="#" ind2="#"><subfield code="6">z01</subfield><subfield code="6">z02</subfield><subfield code="a">nga</subfield><subfield code="2">RDAfrCarrier</subfield></datafield><datafield tag="200" ind1="1" ind2="#"><subfield code="a">Kunstforum international</subfield></datafield><datafield tag="207" ind1="#" ind2="0"><subfield code="a">1.1973/74 - 2.1974 = Bd. 1-10; 11.1974 -</subfield></datafield><datafield tag="214" ind1="1" ind2="0"><subfield code="a">Köln</subfield><subfield code="c">Kunstforum International</subfield><subfield code="d">1973-</subfield></datafield><datafield tag="214" ind1="#" ind2="0"><subfield code="a">Mainz</subfield><subfield code="c">Kunstforum Internat</subfield><subfield code="d">1973-</subfield></datafield><datafield tag="214" ind1="0" ind2="0"><subfield code="a">Köln</subfield><subfield code="c">Kunstforum Internat</subfield></datafield><datafield tag="214" ind1="0" ind2="0"><subfield code="a">Wetzlar</subfield><subfield code="c">Rechenzentrum Schulte</subfield></datafield><datafield tag="214" ind1="0" ind2="0"><subfield code="a">Ruppichteroth</subfield><subfield code="c">Kunstforum Internat</subfield></datafield><datafield tag="316" ind1="#" ind2="#"><subfield code="5">674825119:567574180</subfield><subfield code="a">HEARNUM_3_95046</subfield></datafield><datafield tag="317" ind1="#" ind2="#"><subfield code="5">693872101:623301466</subfield><subfield code="a">Don Daniel Cordier</subfield></datafield><datafield tag="319" ind1="#" ind2="#"><subfield code="5">751062312:12246883X</subfield><subfield code="a">Reproductible</subfield></datafield><datafield tag="452" ind1="#" ind2="#"><subfield code="t">Kunstforum international</subfield></datafield><datafield tag="452" ind1="#" ind2="#"><subfield code="t">Kunstforum international (Online)</subfield><subfield code="x">2751-9570</subfield></datafield><datafield tag="517" ind1="#" ind2="#"><subfield code="a">Kunstforum (Ruppichteroth)</subfield></datafield><datafield tag="517" ind1="#" ind2="#"><subfield code="a">die aktuelle Zeitschrift für alle Bereiche der bildenden Kunst</subfield></datafield><datafield tag="530" ind1="0" ind2="#"><subfield code="a">Kunstforum international</subfield></datafield><datafield tag="531" ind1="#" ind2="#"><subfield code="a">Kunstforum int.</subfield></datafield><datafield tag="606" ind1="#" ind2="#"><subfield code="3">027269302</subfield><subfield code="a">Art</subfield><subfield code="2">rameau</subfield></datafield><datafield tag="608" ind1="#" ind2="#"><subfield code="3">02724640X</subfield><subfield code="a">Périodiques</subfield><subfield code="2">rameau</subfield></datafield><datafield tag="675" ind1="#" ind2="#"><subfield code="a">008</subfield></datafield><datafield tag="675" ind1="#" ind2="#"><subfield code="a">73/77</subfield></datafield><datafield tag="676" ind1="#" ind2="#"><subfield code="a">705</subfield></datafield><datafield tag="676" ind1="#" ind2="#"><subfield code="a">700</subfield></datafield><datafield tag="801" ind1="#" ind2="3"><subfield code="a">FR</subfield><subfield code="b">Abes</subfield><subfield code="c">20250304</subfield><subfield code="g">AFNOR</subfield></datafield><datafield tag="801" ind1="#" ind2="3"><subfield code="a">FR</subfield><subfield code="b">ISSN</subfield><subfield code="c">20250304</subfield></datafield><datafield tag="802" ind1="#" ind2="#"><subfield code="a">06</subfield></datafield><datafield tag="830" ind1="#" ind2="#"><subfield code="a">Réforme Rameau Genre-Forme retro périos (ne pas supprimer)</subfield></datafield><datafield tag="930" ind1="#" ind2="#"><subfield code="5">315555245:22747244601</subfield><subfield code="b">315555245</subfield><subfield code="j">f</subfield></datafield><datafield tag="955" ind1="4" ind2="1"><subfield code="5">315555245:22747244601</subfield><subfield code="b">79</subfield><subfield code="i">1985</subfield><subfield code="b">82</subfield><subfield code="i">1986</subfield></datafield><datafield tag="955" ind1="4" ind2="1"><subfield code="5">315555245:22747244601</subfield><subfield code="b">95</subfield><subfield code="i">1988</subfield><subfield code="b">100</subfield><subfield code="i">1989</subfield></datafield><datafield tag="955" ind1="4" ind2="1"><subfield code="5">315555245:22747244601</subfield><subfield code="b">103</subfield><subfield code="i">1989</subfield><subfield code="b">109</subfield><subfield code="i">1990</subfield></datafield><datafield tag="955" ind1="4" ind2="1"><subfield code="5">315555245:22747244601</subfield><subfield code="b">111</subfield><subfield code="i">1990</subfield><subfield code="b">117</subfield><subfield code="i">1991</subfield></datafield><datafield tag="955" ind1="4" ind2="1"><subfield code="5">315555245:22747244601</subfield><subfield code="b">120</subfield><subfield code="i">1992</subfield></datafield><datafield tag="955" ind1="4" ind2="1"><subfield code="5">315555245:22747244601</subfield><subfield code="b">139</subfield><subfield code="i">1997</subfield><subfield code="i"/><subfield code="j"/><subfield code="k"/><subfield code="a"/><subfield code="b"/><subfield code="c"/><subfield code="r">no. 79 (1985) - no. 82  (1986) ; no. 95 (1988) - no. 100  (1989) ; no. 103 (1989) - no. 109  (1990) ; no. 111 (1990) - no. 117  (1991) ; no. 120 (1992) ; no. 139 (1997)-....</subfield></datafield><datafield tag="940" ind1=" " ind2=" "><subfield code="5">315555245:22747244601</subfield><subfield code="a">20050401</subfield><subfield code="b">xO</subfield></datafield><datafield tag="941" ind1=" " ind2=" "><subfield code="5">315555245:22747244601</subfield><subfield code="a">20050401</subfield><subfield code="b">18:46:43.000</subfield></datafield></record>