<record><leader>     cas0 22        450 </leader><controlfield tag="001">03941261X</controlfield><controlfield tag="002">4,24,27,51,56,59,63,67,72,90,102,126,167,200,201,202,203,204,206,207,215,219,222,223,224,226,227,228,229,230,232,233,408,412,414,418,427,431</controlfield><controlfield tag="003">https://www.sudoc.fr/03941261X</controlfield><controlfield tag="004">19770331</controlfield><controlfield tag="005">20250521170823.000</controlfield><controlfield tag="006">9999</controlfield><controlfield tag="007">751062312</controlfield><controlfield tag="008">Abx3</controlfield><datafield tag="011" ind1="#" ind2="#"><subfield code="a">0318-7020</subfield><subfield code="f">0318-7020</subfield></datafield><datafield tag="033" ind1="#" ind2="#"><subfield code="a">https://catalogue.bnf.fr/ark:/12148/cb37575367z</subfield><subfield code="2">BNF</subfield><subfield code="d">20230125</subfield></datafield><datafield tag="033" ind1="#" ind2="#"><subfield code="a">https://reseau-mirabel.info/revue/titre-id/26067</subfield><subfield code="2">Mir@bel</subfield><subfield code="d">20240402</subfield></datafield><datafield tag="034" ind1=" " ind2=" "><subfield code="a">OCoLC</subfield><subfield code="0">2851563</subfield></datafield><datafield tag="035" ind1="#" ind2="#"><subfield code="a">ccn0318-7020</subfield></datafield><datafield tag="035" ind1="#" ind2="#"><subfield code="a">issn03187020</subfield></datafield><datafield tag="035" ind1="#" ind2="#"><subfield code="a">MIR_26067</subfield></datafield><datafield tag="035" ind1="#" ind2="#"><subfield code="1">418</subfield><subfield code="a">36440</subfield></datafield><datafield tag="100" ind1="#" ind2="#"><subfield code="a">19770331a19759999|||y0frey50      ba</subfield><subfield code="Y">0#</subfield><subfield code="A">1975</subfield><subfield code="B">2007</subfield><subfield code="D">1975</subfield></datafield><datafield tag="101" ind1="0" ind2="#"><subfield code="a">mul</subfield><subfield code="2">639-2</subfield></datafield><datafield tag="102" ind1="#" ind2="#"><subfield code="a">CA</subfield></datafield><datafield tag="104" ind1="#" ind2="#"><subfield code="b">y</subfield><subfield code="c">y</subfield><subfield code="d">ba</subfield><subfield code="e">0</subfield><subfield code="f">fre</subfield></datafield><datafield tag="106" ind1="#" ind2="#"><subfield code="a">r</subfield></datafield><datafield tag="110" ind1="#" ind2="#"><subfield code="a">ah|||||0|||</subfield></datafield><datafield tag="181" ind1="#" ind2="#"><subfield code="6">z01</subfield><subfield code="c">txt</subfield><subfield code="2">rdacontent</subfield></datafield><datafield tag="181" ind1="#" ind2="1"><subfield code="6">z01</subfield><subfield code="a">i#</subfield><subfield code="b">xxxe##</subfield></datafield><datafield tag="182" ind1="#" ind2="#"><subfield code="6">z01</subfield><subfield code="c">n</subfield><subfield code="2">rdamedia</subfield></datafield><datafield tag="182" ind1="#" ind2="1"><subfield code="6">z01</subfield><subfield code="a">n</subfield></datafield><datafield tag="183" ind1="#" ind2="#"><subfield code="6">z01</subfield><subfield code="a">nga</subfield><subfield code="2">RDAfrCarrier</subfield></datafield><datafield tag="200" ind1="1" ind2="#"><subfield code="a">Parachute</subfield></datafield><datafield tag="210" ind1="#" ind2="#"><subfield code="a">Montreal</subfield><subfield code="c">Artdata</subfield><subfield code="d">1975-2007</subfield></datafield><datafield tag="305" ind1="#" ind2="#"><subfield code="a">La publication Parachute est suspendue depuis avril 2007 pour des raisons financières mais espère reprendre à l&apos;avenir (http://www.parachute.ca/, 2011-07-18)</subfield></datafield><datafield tag="316" ind1="#" ind2="#"><subfield code="5">674825119:567020231</subfield><subfield code="a">HEARNUM_3_96631</subfield></datafield><datafield tag="319" ind1="#" ind2="#"><subfield code="5">130555109:196730260</subfield><subfield code="a">Les numéros avant 1990 sont consultables sur place</subfield></datafield><datafield tag="319" ind1="#" ind2="#"><subfield code="5">751062312:220480508</subfield><subfield code="a">Reproductible</subfield></datafield><datafield tag="326" ind1="#" ind2="#"><subfield code="a">Trimestriel</subfield></datafield><datafield tag="530" ind1="0" ind2="#"><subfield code="a">Parachute</subfield></datafield><datafield tag="531" ind1="#" ind2="#"><subfield code="a">Parachute</subfield></datafield><datafield tag="606" ind1="#" ind2="#"><subfield code="3">027269418</subfield><subfield code="a">Art</subfield><subfield code="z">20e siècle</subfield><subfield code="2">rameau</subfield></datafield><datafield tag="606" ind1="#" ind2="#"><subfield code="3">027269302</subfield><subfield code="a">Art</subfield><subfield code="3">050665391</subfield><subfield code="z">2000-....</subfield><subfield code="2">rameau</subfield></datafield><datafield tag="608" ind1="#" ind2="#"><subfield code="3">02724640X</subfield><subfield code="a">Périodique</subfield><subfield code="2">rameau</subfield></datafield><datafield tag="676" ind1="#" ind2="#"><subfield code="a">709.714</subfield></datafield><datafield tag="680" ind1="#" ind2="#"><subfield code="a">NX1 A1 P37</subfield></datafield><datafield tag="801" ind1="#" ind2="3"><subfield code="a">FR</subfield><subfield code="b">Abes</subfield><subfield code="c">20250521</subfield><subfield code="g">AFNOR</subfield></datafield><datafield tag="801" ind1="#" ind2="3"><subfield code="a">FR</subfield><subfield code="b">ISSN</subfield><subfield code="c">20161001</subfield></datafield><datafield tag="802" ind1="#" ind2="#"><subfield code="a">04</subfield></datafield><datafield tag="830" ind1="#" ind2="#"><subfield code="a">Réforme Rameau Genre-Forme retro périos (ne pas supprimer)</subfield></datafield><datafield tag="930" ind1="#" ind2="#"><subfield code="5">315555245:22765133201</subfield><subfield code="b">315555245</subfield><subfield code="j">f</subfield></datafield><datafield tag="955" ind1="4" ind2="1"><subfield code="5">315555245:22765133201</subfield><subfield code="b">4</subfield><subfield code="i">1976</subfield></datafield><datafield tag="955" ind1="4" ind2="1"><subfield code="5">315555245:22765133201</subfield><subfield code="b">23</subfield><subfield code="i">1981</subfield><subfield code="b">24</subfield><subfield code="i">1981</subfield></datafield><datafield tag="955" ind1="4" ind2="1"><subfield code="5">315555245:22765133201</subfield><subfield code="b">27</subfield><subfield code="i">1982</subfield></datafield><datafield tag="955" ind1="4" ind2="1"><subfield code="5">315555245:22765133201</subfield><subfield code="b">30</subfield><subfield code="i">1983</subfield><subfield code="b">38</subfield><subfield code="i">1985</subfield></datafield><datafield tag="955" ind1="4" ind2="1"><subfield code="5">315555245:22765133201</subfield><subfield code="b">41</subfield><subfield code="i">1986</subfield></datafield><datafield tag="955" ind1="4" ind2="1"><subfield code="5">315555245:22765133201</subfield><subfield code="b">45</subfield><subfield code="i">1987</subfield><subfield code="b">53</subfield><subfield code="i">1989</subfield></datafield><datafield tag="955" ind1="4" ind2="1"><subfield code="5">315555245:22765133201</subfield><subfield code="b">61</subfield><subfield code="i">1991</subfield><subfield code="b">62</subfield><subfield code="i">1991</subfield></datafield><datafield tag="955" ind1="4" ind2="1"><subfield code="5">315555245:22765133201</subfield><subfield code="b">65</subfield><subfield code="i">1992</subfield></datafield><datafield tag="955" ind1="4" ind2="1"><subfield code="5">315555245:22765133201</subfield><subfield code="b">71</subfield><subfield code="i">1993</subfield><subfield code="b">76</subfield><subfield code="i">1994</subfield></datafield><datafield tag="955" ind1="4" ind2="1"><subfield code="5">315555245:22765133201</subfield><subfield code="b">78</subfield><subfield code="i">1995</subfield></datafield><datafield tag="955" ind1="4" ind2="1"><subfield code="5">315555245:22765133201</subfield><subfield code="b">80</subfield><subfield code="i">1995</subfield><subfield code="i"/><subfield code="j"/><subfield code="k"/><subfield code="a"/><subfield code="b"/><subfield code="c"/><subfield code="r">no. 4 (1976) ; no. 23 (1981) - no. 24  (1981) ; no. 27 (1982) ; no. 30 (1983) - no. 38  (1985) ; no. 41 (1986) ; no. 45 (1987) - no. 53  (1989) ; no. 61 (1991) - no. 62  (1991) ; no. 65 (1992) ; no. 71 (1993) - no. 76  (1994) ; no. 78 (1995) ; no. 80 (1995)-....</subfield></datafield><datafield tag="940" ind1=" " ind2=" "><subfield code="5">315555245:22765133201</subfield><subfield code="a">20050404</subfield><subfield code="b">xO</subfield></datafield><datafield tag="941" ind1=" " ind2=" "><subfield code="5">315555245:22765133201</subfield><subfield code="a">20050405</subfield><subfield code="b">10:07:57.000</subfield></datafield></record>