<record><leader>     cas0 22        450 </leader><controlfield tag="001">039881962</controlfield><controlfield tag="002">4,10,15,18,19,22,24,30,31,35,38,39,42,45,50,57,61,63,67,68,75,80,83,84,88,90,102,104,107,124,135,138,146,172,178,185,190,194,200,201,202,203,204,205,206,207,209,210,215,217,219,220,222,223,224,225,226,228,229,230,231,232,233,408,414,426,427,428,432,440</controlfield><controlfield tag="003">https://www.sudoc.fr/039881962</controlfield><controlfield tag="004">19911204</controlfield><controlfield tag="005">20241104153908.000</controlfield><controlfield tag="006">9999</controlfield><controlfield tag="007">786465102</controlfield><controlfield tag="008">Abx3</controlfield><datafield tag="011" ind1="#" ind2="#"><subfield code="a">0998-4194</subfield><subfield code="f">0998-4194</subfield></datafield><datafield tag="033" ind1="#" ind2="#"><subfield code="a">https://catalogue.bnf.fr/ark:/12148/cb34415957g</subfield><subfield code="2">BNF</subfield><subfield code="d">20191112</subfield></datafield><datafield tag="033" ind1="#" ind2="#"><subfield code="a">https://reseau-mirabel.info/revue/titre-id/6394</subfield><subfield code="2">Mir@bel</subfield><subfield code="d">20200722</subfield></datafield><datafield tag="034" ind1=" " ind2=" "><subfield code="a">OCoLC</subfield><subfield code="0">471655241</subfield></datafield><datafield tag="035" ind1="#" ind2="#"><subfield code="a">Evry29953</subfield></datafield><datafield tag="035" ind1="#" ind2="#"><subfield code="a">ccn0998-4194</subfield></datafield><datafield tag="035" ind1="#" ind2="#"><subfield code="a">FRBNF34415957000000X</subfield></datafield><datafield tag="035" ind1="#" ind2="#"><subfield code="a">MIR_6394</subfield></datafield><datafield tag="035" ind1="#" ind2="#"><subfield code="a">issn09984194</subfield></datafield><datafield tag="035" ind1="#" ind2="#"><subfield code="1">10</subfield><subfield code="a">147347</subfield></datafield><datafield tag="035" ind1="#" ind2="#"><subfield code="1">30</subfield><subfield code="a">32706</subfield></datafield><datafield tag="035" ind1="#" ind2="#"><subfield code="1">35</subfield><subfield code="a">ALP000581266</subfield></datafield><datafield tag="035" ind1="#" ind2="#"><subfield code="1">84</subfield><subfield code="a">ALP0161841</subfield></datafield><datafield tag="100" ind1="#" ind2="#"><subfield code="a">19911204b19891999u  y0frey50      ba</subfield><subfield code="Y">0#</subfield><subfield code="A">1989</subfield><subfield code="B">1999</subfield></datafield><datafield tag="101" ind1="0" ind2="#"><subfield code="a">fre</subfield><subfield code="2">639-2</subfield></datafield><datafield tag="102" ind1="#" ind2="#"><subfield code="a">FR</subfield></datafield><datafield tag="104" ind1="#" ind2="#"><subfield code="a">u</subfield><subfield code="b">y</subfield><subfield code="c">y</subfield><subfield code="d">ba</subfield><subfield code="e">0</subfield><subfield code="f">fre</subfield></datafield><datafield tag="106" ind1="#" ind2="#"><subfield code="a">r</subfield></datafield><datafield tag="110" ind1="#" ind2="#"><subfield code="a">af|||||0|||</subfield></datafield><datafield tag="181" ind1="#" ind2="#"><subfield code="6">z01</subfield><subfield code="c">txt</subfield><subfield code="2">rdacontent</subfield></datafield><datafield tag="181" ind1="#" ind2="1"><subfield code="6">z01</subfield><subfield code="a">i#</subfield><subfield code="b">xxxe##</subfield></datafield><datafield tag="182" ind1="#" ind2="#"><subfield code="6">z01</subfield><subfield code="c">n</subfield><subfield code="2">rdamedia</subfield></datafield><datafield tag="182" ind1="#" ind2="1"><subfield code="6">z01</subfield><subfield code="a">n</subfield></datafield><datafield tag="183" ind1="#" ind2="#"><subfield code="6">z01</subfield><subfield code="a">nga</subfield><subfield code="2">RDAfrCarrier</subfield></datafield><datafield tag="200" ind1="1" ind2="#"><subfield code="a">AMC Le Moniteur architecture</subfield></datafield><datafield tag="207" ind1="#" ind2="0"><subfield code="a">No.1(1989,mai) - no.103(1999,dec)</subfield></datafield><datafield tag="214" ind1="#" ind2="0"><subfield code="a">Paris</subfield><subfield code="c">Publications du moniteur</subfield><subfield code="d">1989-1999</subfield></datafield><datafield tag="215" ind1="#" ind2="#"><subfield code="c">Ill., couv. ill. en coul</subfield><subfield code="d">38 cm</subfield></datafield><datafield tag="304" ind1="#" ind2="#"><subfield code="a">Mise à jour du titre : Le Moniteur architecture / [dir. publ. Jacques Guy]</subfield></datafield><datafield tag="318" ind1="#" ind2="#"><subfield code="5">940185201:184004160</subfield><subfield code="a">récolement 2023</subfield></datafield><datafield tag="318" ind1="#" ind2="#"><subfield code="5">940185201:816464316</subfield><subfield code="a">récolement 2023</subfield></datafield><datafield tag="318" ind1="#" ind2="#"><subfield code="5">940185201:825674751</subfield><subfield code="a">récolement 2023</subfield></datafield><datafield tag="326" ind1="#" ind2="#"><subfield code="a">Mensuel</subfield></datafield><datafield tag="421" ind1="#" ind2="#"><subfield code="0">14323529X</subfield><subfield code="t">Le Petit journal de la cité</subfield><subfield code="x">2106-8399</subfield></datafield><datafield tag="421" ind1="#" ind2="#"><subfield code="0">116575867</subfield><subfield code="t">Le moniteur architecture. Hors-série</subfield></datafield><datafield tag="430" ind1="#" ind2="#"><subfield code="0">001022741</subfield><subfield code="t">AMC. Architecture mouvement continuité</subfield><subfield code="x">0336-1675</subfield></datafield><datafield tag="440" ind1="#" ind2="#"><subfield code="0">255214499</subfield><subfield code="t">Amc (Imprimé)</subfield><subfield code="x">2779-5039</subfield></datafield><datafield tag="452" ind1="#" ind2="#"><subfield code="0">235218596</subfield><subfield code="t">AMC (En ligne)</subfield><subfield code="x">2649-9606</subfield></datafield><datafield tag="517" ind1="#" ind2="#"><subfield code="a">AMC</subfield></datafield><datafield tag="517" ind1="#" ind2="#"><subfield code="a">AMC Le Moniteur architecture</subfield></datafield><datafield tag="517" ind1="#" ind2="#"><subfield code="a">Moniteur architecture AMC</subfield></datafield><datafield tag="517" ind1="#" ind2="#"><subfield code="a">AMC, le moniteur architecture</subfield></datafield><datafield tag="530" ind1="1" ind2="#"><subfield code="a">Le Moniteur architecture</subfield><subfield code="b">(Paris)</subfield></datafield><datafield tag="531" ind1="#" ind2="#"><subfield code="a">Monit. archit.</subfield><subfield code="b">(Paris)</subfield></datafield><datafield tag="606" ind1="#" ind2="#"><subfield code="3">027228983</subfield><subfield code="a">Architecture</subfield><subfield code="3">027226794</subfield><subfield code="y">France</subfield><subfield code="3">086305646</subfield><subfield code="z">20e siècle</subfield><subfield code="2">rameau</subfield></datafield><datafield tag="606" ind1="#" ind2="#"><subfield code="3">027228983</subfield><subfield code="a">Architecture</subfield><subfield code="3">027226794</subfield><subfield code="y">France</subfield><subfield code="3">050665391</subfield><subfield code="z">2000-....</subfield><subfield code="2">rameau</subfield></datafield><datafield tag="606" ind1="#" ind2="#"><subfield code="1">88</subfield><subfield code="a">Arts</subfield><subfield code="x">Périodiques</subfield><subfield code="x">FM647</subfield><subfield code="2">FM</subfield></datafield><datafield tag="606" ind1="#" ind2="#"><subfield code="1">88</subfield><subfield code="a">Architecture</subfield><subfield code="2">FM</subfield></datafield><datafield tag="606" ind1="#" ind2="#"><subfield code="1">178</subfield><subfield code="a">Architecture</subfield><subfield code="2">CAPA</subfield></datafield><datafield tag="608" ind1="#" ind2="#"><subfield code="3">02724640X</subfield><subfield code="a">Périodique</subfield><subfield code="2">rameau</subfield></datafield><datafield tag="675" ind1="#" ind2="#"><subfield code="a">711.4</subfield></datafield><datafield tag="675" ind1="#" ind2="#"><subfield code="a">72</subfield></datafield><datafield tag="676" ind1="#" ind2="#"><subfield code="a">711</subfield></datafield><datafield tag="676" ind1="#" ind2="#"><subfield code="a">712</subfield></datafield><datafield tag="676" ind1="#" ind2="#"><subfield code="a">720</subfield></datafield><datafield tag="680" ind1="#" ind2="#"><subfield code="a">NA2 .M6 F</subfield></datafield><datafield tag="686" ind1="#" ind2="#"><subfield code="a">720</subfield><subfield code="2">Cadre de classement de la Bibliographie nationale française</subfield></datafield><datafield tag="801" ind1="#" ind2="3"><subfield code="a">FR</subfield><subfield code="b">Abes</subfield><subfield code="c">20241104</subfield><subfield code="g">AFNOR</subfield></datafield><datafield tag="801" ind1="#" ind2="0"><subfield code="a">FR</subfield><subfield code="b">BNF</subfield><subfield code="c">19911204</subfield><subfield code="g">AFNOR</subfield><subfield code="2">intermrc</subfield></datafield><datafield tag="801" ind1="#" ind2="3"><subfield code="a">FR</subfield><subfield code="b">ISSN France</subfield><subfield code="c">20150416</subfield></datafield><datafield tag="802" ind1="#" ind2="#"><subfield code="a">07</subfield></datafield><datafield tag="830" ind1="#" ind2="#"><subfield code="a">Demande de correction ISSN refusée pour la zone 421 le 2020-07-16. Raison refus: Un supplément ou hors-série portant le même titre que la publication principale ne reçoit d’ISSN que lorsqu’il possède sa propre séquence de numérotation (identifiant Cidemis : 120508)</subfield></datafield><datafield tag="930" ind1="#" ind2="#"><subfield code="5">315555245:21566796401</subfield><subfield code="b">315555245</subfield><subfield code="j">f</subfield></datafield><datafield tag="955" ind1="4" ind2="1"><subfield code="5">315555245:21566796401</subfield><subfield code="b">109</subfield><subfield code="i">2000</subfield><subfield code="i"/><subfield code="j"/><subfield code="k"/><subfield code="a"/><subfield code="b"/><subfield code="c"/><subfield code="r">no. 109 (2000)-....</subfield></datafield><datafield tag="940" ind1=" " ind2=" "><subfield code="5">315555245:21566796401</subfield><subfield code="a">20041020</subfield><subfield code="b">xO</subfield></datafield><datafield tag="941" ind1=" " ind2=" "><subfield code="5">315555245:21566796401</subfield><subfield code="a">20041020</subfield><subfield code="b">18:13:08.000</subfield></datafield></record>