<record><leader>     cas0 22        450 </leader><controlfield tag="001">03997717X</controlfield><controlfield tag="002">10,11,15,17,24,27,35,41,59,62,63,67,72,75,80,83,88,90,91,98,102,108,126,135,172,200,201,202,203,204,205,207,215,220,222,226,228,229,230,231,232,233,408,412,414,427</controlfield><controlfield tag="003">https://www.sudoc.fr/03997717X</controlfield><controlfield tag="004">19980709</controlfield><controlfield tag="005">20250107182543.000</controlfield><controlfield tag="006">9999</controlfield><controlfield tag="007">1999</controlfield><controlfield tag="008">Abx3</controlfield><datafield tag="011" ind1="#" ind2="#"><subfield code="a">1164-5385</subfield><subfield code="f">1164-5385</subfield></datafield><datafield tag="033" ind1="#" ind2="#"><subfield code="a">https://catalogue.bnf.fr/ark:/12148/cb344480262</subfield><subfield code="2">BNF</subfield><subfield code="d">20191112</subfield></datafield><datafield tag="033" ind1="#" ind2="#"><subfield code="a">https://reseau-mirabel.info/revue/titre-id/1710</subfield><subfield code="2">Mir@bel</subfield><subfield code="d">20200710</subfield></datafield><datafield tag="034" ind1=" " ind2=" "><subfield code="a">OCoLC</subfield><subfield code="0">486841318</subfield></datafield><datafield tag="035" ind1="#" ind2="#"><subfield code="a">ccn1164-5385</subfield></datafield><datafield tag="035" ind1="#" ind2="#"><subfield code="a">issn11645385</subfield></datafield><datafield tag="035" ind1="#" ind2="#"><subfield code="a">MIR_1710</subfield></datafield><datafield tag="035" ind1="#" ind2="#"><subfield code="1">24</subfield><subfield code="a">413108</subfield></datafield><datafield tag="035" ind1="#" ind2="#"><subfield code="1">63</subfield><subfield code="a">103990</subfield></datafield><datafield tag="100" ind1="#" ind2="#"><subfield code="a">19980709b1992200 m  y0frey50      ba</subfield><subfield code="Y">0#</subfield><subfield code="A">1992</subfield><subfield code="B">200X</subfield></datafield><datafield tag="101" ind1="0" ind2="#"><subfield code="a">fre</subfield><subfield code="2">639-2</subfield></datafield><datafield tag="102" ind1="#" ind2="#"><subfield code="a">FR</subfield></datafield><datafield tag="104" ind1="#" ind2="#"><subfield code="a">m</subfield><subfield code="b">y</subfield><subfield code="c">y</subfield><subfield code="d">ba</subfield><subfield code="e">0</subfield><subfield code="f">fre</subfield></datafield><datafield tag="106" ind1="#" ind2="#"><subfield code="a">r</subfield></datafield><datafield tag="110" ind1="#" ind2="#"><subfield code="a">aju||||0uu|</subfield></datafield><datafield tag="181" ind1="#" ind2="#"><subfield code="6">z01</subfield><subfield code="c">txt</subfield><subfield code="2">rdacontent</subfield></datafield><datafield tag="181" ind1="#" ind2="1"><subfield code="6">z01</subfield><subfield code="a">i#</subfield><subfield code="b">xxxe##</subfield></datafield><datafield tag="182" ind1="#" ind2="#"><subfield code="6">z01</subfield><subfield code="c">n</subfield><subfield code="2">rdamedia</subfield></datafield><datafield tag="182" ind1="#" ind2="1"><subfield code="6">z01</subfield><subfield code="a">n</subfield></datafield><datafield tag="183" ind1="#" ind2="#"><subfield code="6">z01</subfield><subfield code="a">nga</subfield><subfield code="2">RDAfrCarrier</subfield></datafield><datafield tag="200" ind1="1" ind2="#"><subfield code="a">Publics et musées</subfield></datafield><datafield tag="207" ind1="#" ind2="0"><subfield code="a">N° 1(1992,mai)-n°17/18 (2000)</subfield></datafield><datafield tag="210" ind1="#" ind2="#"><subfield code="a">Lyon</subfield><subfield code="c">Presses universitaires de Lyon</subfield><subfield code="c">Association Publics et Musées</subfield><subfield code="d">1992-[200.]</subfield></datafield><datafield tag="302" ind1="#" ind2="#"><subfield code="a">Le dernier numéro (17/18) date de l&apos;année 2000 mais a été publié en 2002</subfield></datafield><datafield tag="326" ind1="#" ind2="#"><subfield code="a">Semestriel</subfield></datafield><datafield tag="440" ind1="#" ind2="#"><subfield code="0">074160354</subfield><subfield code="t">Culture &amp; musées</subfield><subfield code="x">1766-2923</subfield></datafield><datafield tag="456" ind1="#" ind2="#"><subfield code="0">142985988</subfield><subfield code="t">Publics et musées (Reproduction numérique)</subfield><subfield code="x">2267-3393</subfield></datafield><datafield tag="488" ind1="#" ind2="#"><subfield code="0">040196925</subfield><subfield code="t">Les Cahiers de Publics et musées</subfield><subfield code="x">1250-5986</subfield></datafield><datafield tag="517" ind1="#" ind2="#"><subfield code="a">Publics &amp; musées (Lyon)</subfield></datafield><datafield tag="517" ind1="#" ind2="#"><subfield code="a">Textes et public dans les musées</subfield></datafield><datafield tag="530" ind1="0" ind2="#"><subfield code="a">Publics et musées</subfield></datafield><datafield tag="531" ind1="#" ind2="#"><subfield code="a">Publics mus.</subfield></datafield><datafield tag="606" ind1="#" ind2="#"><subfield code="3">027240177</subfield><subfield code="a">Muséologie</subfield><subfield code="2">rameau</subfield></datafield><datafield tag="606" ind1="#" ind2="#"><subfield code="3">027269418</subfield><subfield code="a">Art</subfield><subfield code="z">20e siècle</subfield><subfield code="2">rameau</subfield></datafield><datafield tag="606" ind1="#" ind2="#"><subfield code="3">027269302</subfield><subfield code="a">Art</subfield><subfield code="3">050665391</subfield><subfield code="z">2000-....</subfield><subfield code="2">rameau</subfield></datafield><datafield tag="606" ind1="#" ind2="#"><subfield code="3">027269302</subfield><subfield code="a">Art</subfield><subfield code="2">rameau</subfield></datafield><datafield tag="608" ind1="#" ind2="#"><subfield code="3">02724640X</subfield><subfield code="a">Périodique</subfield><subfield code="2">rameau</subfield></datafield><datafield tag="675" ind1="#" ind2="#"><subfield code="a">7.036(44)</subfield></datafield><datafield tag="675" ind1="#" ind2="#"><subfield code="a">069</subfield></datafield><datafield tag="676" ind1="#" ind2="#"><subfield code="a">705</subfield></datafield><datafield tag="676" ind1="#" ind2="#"><subfield code="a">709.440 904</subfield></datafield><datafield tag="676" ind1="#" ind2="#"><subfield code="a">069</subfield></datafield><datafield tag="686" ind1="#" ind2="#"><subfield code="1">88</subfield><subfield code="a">060.5</subfield><subfield code="2">DEWBSG</subfield></datafield><datafield tag="712" ind1="0" ind2="2"><subfield code="3">056939965</subfield><subfield code="a">Publics et musées</subfield><subfield code="c">France</subfield><subfield code="4">340</subfield></datafield><datafield tag="801" ind1="#" ind2="3"><subfield code="a">FR</subfield><subfield code="b">Abes</subfield><subfield code="c">20250107</subfield><subfield code="g">AFNOR</subfield></datafield><datafield tag="801" ind1="#" ind2="3"><subfield code="a">FR</subfield><subfield code="b">ISSN</subfield><subfield code="c">20170628</subfield></datafield><datafield tag="802" ind1="#" ind2="#"><subfield code="a">07</subfield></datafield><datafield tag="830" ind1="#" ind2="#"><subfield code="a">Réforme Rameau Genre-Forme retro périos (ne pas supprimer)</subfield></datafield><datafield tag="930" ind1="#" ind2="#"><subfield code="5">315555245:23737259201</subfield><subfield code="b">315555245</subfield><subfield code="j">f</subfield></datafield><datafield tag="955" ind1="4" ind2="1"><subfield code="5">315555245:23737259201</subfield><subfield code="b">6</subfield><subfield code="i">1994</subfield><subfield code="b">8</subfield><subfield code="i">1995</subfield></datafield><datafield tag="955" ind1="4" ind2="1"><subfield code="5">315555245:23737259201</subfield><subfield code="b">10</subfield><subfield code="i">1996</subfield><subfield code="b">14</subfield><subfield code="i">1998</subfield></datafield><datafield tag="955" ind1="4" ind2="1"><subfield code="5">315555245:23737259201</subfield><subfield code="i">2000</subfield><subfield code="r">no. 6 (1994) - no. 8  (1995) ; no. 10 (1996) - no. 14  (1998) ; (2000)</subfield></datafield><datafield tag="940" ind1=" " ind2=" "><subfield code="5">315555245:23737259201</subfield><subfield code="a">20050725</subfield><subfield code="b">rF</subfield></datafield><datafield tag="941" ind1=" " ind2=" "><subfield code="5">315555245:23737259201</subfield><subfield code="a">20050725</subfield><subfield code="b">17:48:36.000</subfield></datafield></record>