<record><leader>     cas0 22        450 </leader><controlfield tag="001">058804382</controlfield><controlfield tag="002">90,215,222,233,408,418</controlfield><controlfield tag="003">https://www.sudoc.fr/058804382</controlfield><controlfield tag="004">20010521</controlfield><controlfield tag="005">20210203112047.000</controlfield><controlfield tag="006">999999998</controlfield><controlfield tag="007">751062312</controlfield><controlfield tag="008">Abx3</controlfield><datafield tag="011" ind1="#" ind2="#"><subfield code="a">1623-3913</subfield><subfield code="f">1623-3913</subfield></datafield><datafield tag="033" ind1="#" ind2="#"><subfield code="a">https://catalogue.bnf.fr/ark:/12148/cb37586371n</subfield><subfield code="2">BNF</subfield><subfield code="d">20191108</subfield></datafield><datafield tag="034" ind1=" " ind2=" "><subfield code="a">OCoLC</subfield><subfield code="0">474159586</subfield></datafield><datafield tag="035" ind1="#" ind2="#"><subfield code="a">issn16233913</subfield></datafield><datafield tag="035" ind1="#" ind2="#"><subfield code="1">418</subfield><subfield code="a">51945</subfield></datafield><datafield tag="100" ind1="#" ind2="#"><subfield code="a">20010521c2001    u  y1frey50      ba</subfield><subfield code="Y">1#</subfield><subfield code="A">2001</subfield></datafield><datafield tag="101" ind1="0" ind2="#"><subfield code="a">fre</subfield><subfield code="2">639-2</subfield></datafield><datafield tag="102" ind1="#" ind2="#"><subfield code="a">FR</subfield></datafield><datafield tag="104" ind1="#" ind2="#"><subfield code="a">u</subfield><subfield code="b">y</subfield><subfield code="c">y</subfield><subfield code="d">ba</subfield><subfield code="e">1</subfield><subfield code="f">fre</subfield></datafield><datafield tag="110" ind1="#" ind2="#"><subfield code="a">aju||||@uu|</subfield></datafield><datafield tag="181" ind1="#" ind2="#"><subfield code="6">z01</subfield><subfield code="c">txt</subfield><subfield code="2">rdacontent</subfield></datafield><datafield tag="181" ind1="#" ind2="#"><subfield code="6">z02</subfield><subfield code="c">sti</subfield><subfield code="2">rdacontent</subfield></datafield><datafield tag="181" ind1="#" ind2="1"><subfield code="6">z01</subfield><subfield code="a">i#</subfield><subfield code="b">xxxe##</subfield></datafield><datafield tag="181" ind1="#" ind2="1"><subfield code="6">z02</subfield><subfield code="a">b#</subfield><subfield code="b">xb2e##</subfield></datafield><datafield tag="182" ind1="#" ind2="#"><subfield code="6">z01</subfield><subfield code="c">n</subfield><subfield code="2">rdamedia</subfield></datafield><datafield tag="182" ind1="#" ind2="#"><subfield code="6">z02</subfield><subfield code="c">n</subfield><subfield code="2">rdamedia</subfield></datafield><datafield tag="182" ind1="#" ind2="1"><subfield code="6">z01</subfield><subfield code="a">n</subfield></datafield><datafield tag="182" ind1="#" ind2="1"><subfield code="6">z02</subfield><subfield code="a">n</subfield></datafield><datafield tag="183" ind1="#" ind2="#"><subfield code="6">z01</subfield><subfield code="6">z02</subfield><subfield code="a">nga</subfield><subfield code="2">RDAfrCarrier</subfield></datafield><datafield tag="200" ind1="1" ind2="#"><subfield code="a">49/3</subfield></datafield><datafield tag="214" ind1="#" ind2="0"><subfield code="a">Dijon</subfield><subfield code="c">Les Presses du réel</subfield><subfield code="d">2001?</subfield></datafield><datafield tag="326" ind1="#" ind2="#"><subfield code="a">Semestriel</subfield></datafield><datafield tag="530" ind1="1" ind2="#"><subfield code="a">49/3</subfield><subfield code="b">(Dijon)</subfield></datafield><datafield tag="531" ind1="#" ind2="#"><subfield code="a">49 3</subfield><subfield code="b">(Dijon)</subfield></datafield><datafield tag="606" ind1="#" ind2="#"><subfield code="3">027269302</subfield><subfield code="a">Art</subfield><subfield code="2">rameau</subfield></datafield><datafield tag="608" ind1="#" ind2="#"><subfield code="3">02724640X</subfield><subfield code="a">Périodiques</subfield><subfield code="2">rameau</subfield></datafield><datafield tag="675" ind1="#" ind2="#"><subfield code="a">7.01/.09</subfield></datafield><datafield tag="676" ind1="#" ind2="#"><subfield code="a">700</subfield></datafield><datafield tag="801" ind1="#" ind2="3"><subfield code="a">FR</subfield><subfield code="b">Abes</subfield><subfield code="c">20210203</subfield><subfield code="g">AFNOR</subfield></datafield><datafield tag="801" ind1="#" ind2="3"><subfield code="a">FR</subfield><subfield code="b">ISSN</subfield><subfield code="c">20010521</subfield></datafield><datafield tag="802" ind1="#" ind2="#"><subfield code="a">07</subfield></datafield><datafield tag="830" ind1="#" ind2="#"><subfield code="a">Réforme Rameau Genre-Forme retro périos (ne pas supprimer)</subfield></datafield><datafield tag="930" ind1="#" ind2="#"><subfield code="5">315555245:22777593701</subfield><subfield code="b">315555245</subfield><subfield code="j">f</subfield></datafield><datafield tag="955" ind1="4" ind2="1"><subfield code="5">315555245:22777593701</subfield><subfield code="b">1</subfield><subfield code="i">2001</subfield></datafield><datafield tag="955" ind1="4" ind2="1"><subfield code="5">315555245:22777593701</subfield><subfield code="b">1</subfield><subfield code="i">2002</subfield></datafield><datafield tag="955" ind1="4" ind2="1"><subfield code="5">315555245:22777593701</subfield><subfield code="b">2</subfield><subfield code="i">2002</subfield><subfield code="i"/><subfield code="j"/><subfield code="k"/><subfield code="a"/><subfield code="b"/><subfield code="c"/><subfield code="r">no. 1 (2001) ; no. 1 (2002) ; no. 2 (2002)-....</subfield></datafield><datafield tag="940" ind1=" " ind2=" "><subfield code="5">315555245:22777593701</subfield><subfield code="a">20050406</subfield><subfield code="b">xO</subfield></datafield><datafield tag="941" ind1=" " ind2=" "><subfield code="5">315555245:22777593701</subfield><subfield code="a">20050406</subfield><subfield code="b">15:19:52.000</subfield></datafield></record>