<record><leader>     cas0 22        450 </leader><controlfield tag="001">058921842</controlfield><controlfield tag="002">4,21,49,50,51,57,90,102,201,204,206,209,215,219,222,223,224,226,228,229,230,232,233,414,418,427</controlfield><controlfield tag="003">https://www.sudoc.fr/058921842</controlfield><controlfield tag="004">20011115</controlfield><controlfield tag="005">20240320150352.000</controlfield><controlfield tag="006">060880002</controlfield><controlfield tag="007">751062312</controlfield><controlfield tag="008">Abx3</controlfield><datafield tag="011" ind1="#" ind2="#"><subfield code="a">1631-7904</subfield><subfield code="f">1631-7904</subfield></datafield><datafield tag="033" ind1="#" ind2="#"><subfield code="a">https://catalogue.bnf.fr/ark:/12148/cb37722655c</subfield><subfield code="2">BNF</subfield><subfield code="d">20191112</subfield></datafield><datafield tag="034" ind1=" " ind2=" "><subfield code="a">OCoLC</subfield><subfield code="0">421640031</subfield></datafield><datafield tag="035" ind1=" " ind2=" "><subfield code="a">059487305</subfield><subfield code="9">sudoc</subfield></datafield><datafield tag="035" ind1=" " ind2=" "><subfield code="a">059699124</subfield><subfield code="9">sudoc</subfield></datafield><datafield tag="035" ind1="#" ind2="#"><subfield code="a">issn16317904</subfield></datafield><datafield tag="035" ind1="#" ind2="#"><subfield code="1">21</subfield><subfield code="a">612225</subfield></datafield><datafield tag="100" ind1="#" ind2="#"><subfield code="a">20011115a20019999k  y0frey50      ba</subfield><subfield code="Y">0#</subfield><subfield code="A">2001</subfield><subfield code="B">2004</subfield><subfield code="D">2001</subfield></datafield><datafield tag="101" ind1="0" ind2="#"><subfield code="a">fre</subfield><subfield code="2">639-2</subfield></datafield><datafield tag="102" ind1="#" ind2="#"><subfield code="a">FR</subfield></datafield><datafield tag="104" ind1="#" ind2="#"><subfield code="a">k</subfield><subfield code="b">y</subfield><subfield code="c">y</subfield><subfield code="d">ba</subfield><subfield code="e">0</subfield><subfield code="f">fre</subfield></datafield><datafield tag="106" ind1="#" ind2="#"><subfield code="a">r</subfield></datafield><datafield tag="110" ind1="#" ind2="#"><subfield code="a">ahu||||@uu|</subfield></datafield><datafield tag="181" ind1="#" ind2="#"><subfield code="6">z01</subfield><subfield code="c">txt</subfield><subfield code="2">rdacontent</subfield></datafield><datafield tag="181" ind1="#" ind2="#"><subfield code="6">z02</subfield><subfield code="c">sti</subfield><subfield code="2">rdacontent</subfield></datafield><datafield tag="181" ind1="#" ind2="1"><subfield code="6">z01</subfield><subfield code="a">i#</subfield><subfield code="b">xxxe##</subfield></datafield><datafield tag="181" ind1="#" ind2="1"><subfield code="6">z02</subfield><subfield code="a">b#</subfield><subfield code="b">xb2e##</subfield></datafield><datafield tag="182" ind1="#" ind2="#"><subfield code="6">z01</subfield><subfield code="c">n</subfield><subfield code="2">rdamedia</subfield></datafield><datafield tag="182" ind1="#" ind2="#"><subfield code="6">z02</subfield><subfield code="c">n</subfield><subfield code="2">rdamedia</subfield></datafield><datafield tag="182" ind1="#" ind2="1"><subfield code="6">z01</subfield><subfield code="a">n</subfield></datafield><datafield tag="182" ind1="#" ind2="1"><subfield code="6">z02</subfield><subfield code="a">n</subfield></datafield><datafield tag="183" ind1="#" ind2="#"><subfield code="6">z01</subfield><subfield code="6">z02</subfield><subfield code="a">nga</subfield><subfield code="2">RDAfrCarrier</subfield></datafield><datafield tag="200" ind1="1" ind2="#"><subfield code="a">Twenty</subfield><subfield code="e">art du nouveau millénaire</subfield><subfield code="d">= art of the new millennium</subfield></datafield><datafield tag="207" ind1="#" ind2="0"><subfield code="a">N°1 (2001, jul-sep)-N°2 (2004, jan)</subfield></datafield><datafield tag="214" ind1="#" ind2="0"><subfield code="a">Paris</subfield><subfield code="c">Flohic</subfield><subfield code="d">2001-2004</subfield></datafield><datafield tag="303" ind1="#" ind2="#"><subfield code="a">Chaque numéro contient 2 articles tête-bêche sur des artistes différents.</subfield></datafield><datafield tag="326" ind1="#" ind2="#"><subfield code="a">Trimestriel</subfield></datafield><datafield tag="430" ind1="#" ind2="#"><subfield code="0">039924351</subfield><subfield code="t">Ninety (Paris)</subfield><subfield code="x">1155-1240</subfield></datafield><datafield tag="517" ind1="#" ind2="#"><subfield code="a">Twenty One/One</subfield></datafield><datafield tag="517" ind1="#" ind2="#"><subfield code="a">Twenty one</subfield></datafield><datafield tag="530" ind1="1" ind2="#"><subfield code="a">Twenty</subfield><subfield code="b">(Paris)</subfield></datafield><datafield tag="606" ind1="#" ind2="#"><subfield code="3">027269418</subfield><subfield code="a">Art</subfield><subfield code="z">20e siècle</subfield><subfield code="2">rameau</subfield></datafield><datafield tag="606" ind1="#" ind2="#"><subfield code="3">027269302</subfield><subfield code="a">Art</subfield><subfield code="3">050665391</subfield><subfield code="z">2000-....</subfield><subfield code="2">rameau</subfield></datafield><datafield tag="608" ind1="#" ind2="#"><subfield code="3">02724640X</subfield><subfield code="a">Périodiques</subfield><subfield code="2">rameau</subfield></datafield><datafield tag="675" ind1="#" ind2="#"><subfield code="a">7.036</subfield></datafield><datafield tag="676" ind1="#" ind2="#"><subfield code="a">709.04</subfield></datafield><datafield tag="676" ind1="#" ind2="#"><subfield code="a">730</subfield></datafield><datafield tag="680" ind1="#" ind2="#"><subfield code="a">N1</subfield></datafield><datafield tag="801" ind1="#" ind2="3"><subfield code="a">FR</subfield><subfield code="b">ISSN</subfield><subfield code="c">20110712</subfield></datafield><datafield tag="802" ind1="#" ind2="#"><subfield code="a">07</subfield></datafield><datafield tag="830" ind1="#" ind2="#"><subfield code="a">Réforme Rameau Genre-Forme retro périos (ne pas supprimer)</subfield></datafield><datafield tag="930" ind1="#" ind2="#"><subfield code="5">315555245:23505334101</subfield><subfield code="b">315555245</subfield><subfield code="j">f</subfield></datafield><datafield tag="955" ind1="4" ind2="1"><subfield code="5">315555245:23505334101</subfield><subfield code="b">1</subfield><subfield code="i">2001</subfield><subfield code="r">no. 1 (2001)</subfield></datafield><datafield tag="940" ind1=" " ind2=" "><subfield code="5">315555245:23505334101</subfield><subfield code="a">20050628</subfield><subfield code="b">rF</subfield></datafield><datafield tag="941" ind1=" " ind2=" "><subfield code="5">315555245:23505334101</subfield><subfield code="a">20050628</subfield><subfield code="b">16:13:36.000</subfield></datafield></record>