<record><leader>     cas0 22        450 </leader><controlfield tag="001">088809005</controlfield><controlfield tag="002">222</controlfield><controlfield tag="003">https://www.sudoc.fr/088809005</controlfield><controlfield tag="004">20050728</controlfield><controlfield tag="005">20250107180722.000</controlfield><controlfield tag="006">315550002</controlfield><controlfield tag="007">1999</controlfield><controlfield tag="008">Abx3</controlfield><datafield tag="011" ind1="#" ind2="#"><subfield code="a">0946-3585</subfield><subfield code="f">0946-3585</subfield></datafield><datafield tag="035" ind1="#" ind2="#"><subfield code="a">issn09463585</subfield></datafield><datafield tag="100" ind1="#" ind2="#"><subfield code="a">20050728a19949999m  y0frey50      ba</subfield><subfield code="Y">0#</subfield><subfield code="A">1994</subfield><subfield code="D">1994-...</subfield></datafield><datafield tag="101" ind1="0" ind2="#"><subfield code="a">mul</subfield><subfield code="2">639-2</subfield></datafield><datafield tag="102" ind1="#" ind2="#"><subfield code="a">DE</subfield></datafield><datafield tag="104" ind1="#" ind2="#"><subfield code="a">m</subfield><subfield code="b">y</subfield><subfield code="c">y</subfield><subfield code="d">ba</subfield><subfield code="e">0</subfield><subfield code="f">fre</subfield></datafield><datafield tag="106" ind1="#" ind2="#"><subfield code="a">r</subfield></datafield><datafield tag="110" ind1="#" ind2="#"><subfield code="a">aj|||||||||</subfield></datafield><datafield tag="181" ind1="#" ind2="#"><subfield code="6">z01</subfield><subfield code="c">txt</subfield><subfield code="2">rdacontent</subfield></datafield><datafield tag="181" ind1="#" ind2="1"><subfield code="6">z01</subfield><subfield code="a">i#</subfield><subfield code="b">xxxe##</subfield></datafield><datafield tag="182" ind1="#" ind2="#"><subfield code="6">z01</subfield><subfield code="c">n</subfield><subfield code="2">rdamedia</subfield></datafield><datafield tag="182" ind1="#" ind2="1"><subfield code="6">z01</subfield><subfield code="a">n</subfield></datafield><datafield tag="183" ind1="#" ind2="#"><subfield code="6">z01</subfield><subfield code="a">nga</subfield><subfield code="2">RDAfrCarrier</subfield></datafield><datafield tag="200" ind1="1" ind2="#"><subfield code="a">BE</subfield></datafield><datafield tag="210" ind1="#" ind2="#"><subfield code="a">Berlin</subfield><subfield code="c">Künstlerhaus Bethanien.</subfield><subfield code="d">1994-</subfield></datafield><datafield tag="326" ind1="#" ind2="#"><subfield code="a">Semestriel</subfield></datafield><datafield tag="517" ind1="#" ind2="#"><subfield code="a">Be-Magazin</subfield></datafield><datafield tag="530" ind1="1" ind2="#"><subfield code="a">BE</subfield><subfield code="b">(Berlin)</subfield></datafield><datafield tag="531" ind1="#" ind2="#"><subfield code="a">BE</subfield><subfield code="b">(Berl.)</subfield></datafield><datafield tag="606" ind1="#" ind2="#"><subfield code="3">027269302</subfield><subfield code="a">Art</subfield><subfield code="2">rameau</subfield></datafield><datafield tag="606" ind1="#" ind2="#"><subfield code="3">027269418</subfield><subfield code="a">Art</subfield><subfield code="z">20e siècle</subfield><subfield code="2">rameau</subfield></datafield><datafield tag="606" ind1="#" ind2="#"><subfield code="3">027269302</subfield><subfield code="a">Art</subfield><subfield code="3">050665391</subfield><subfield code="z">2000-....</subfield><subfield code="2">rameau</subfield></datafield><datafield tag="606" ind1="#" ind2="#"><subfield code="3">027269418</subfield><subfield code="a">Art</subfield><subfield code="z">20e siècle</subfield><subfield code="2">rameau</subfield></datafield><datafield tag="606" ind1="#" ind2="#"><subfield code="3">027269302</subfield><subfield code="a">Art</subfield><subfield code="3">050665391</subfield><subfield code="z">2000-....</subfield><subfield code="2">rameau</subfield></datafield><datafield tag="608" ind1="#" ind2="#"><subfield code="3">02724640X</subfield><subfield code="a">Périodiques</subfield><subfield code="2">rameau</subfield></datafield><datafield tag="675" ind1="#" ind2="#"><subfield code="a">001</subfield></datafield><datafield tag="676" ind1="#" ind2="#"><subfield code="a">700</subfield></datafield><datafield tag="676" ind1="#" ind2="#"><subfield code="a">709.04</subfield></datafield><datafield tag="712" ind1="0" ind2="2"><subfield code="3">033388903</subfield><subfield code="a">Künstlerhaus Bethanien</subfield><subfield code="c">Berlin, Allemagne</subfield><subfield code="4">340</subfield></datafield><datafield tag="801" ind1="#" ind2="3"><subfield code="a">FR</subfield><subfield code="b">Abes</subfield><subfield code="c">20250107</subfield><subfield code="g">AFNOR</subfield></datafield><datafield tag="801" ind1="#" ind2="3"><subfield code="a">FR</subfield><subfield code="b">ISSN</subfield><subfield code="c">20050701</subfield></datafield><datafield tag="802" ind1="#" ind2="#"><subfield code="a">06</subfield></datafield><datafield tag="830" ind1="#" ind2="#"><subfield code="a">Réforme Rameau Genre-Forme retro périos (ne pas supprimer)</subfield></datafield><datafield tag="930" ind1="#" ind2="#"><subfield code="5">315555245:23754929801</subfield><subfield code="b">315555245</subfield><subfield code="j">f</subfield></datafield><datafield tag="955" ind1="4" ind2="1"><subfield code="5">315555245:23754929801</subfield><subfield code="b">9</subfield><subfield code="i">2003</subfield><subfield code="b">11</subfield><subfield code="i">2004</subfield><subfield code="r">no. 9 (2003) - no. 11  (2004)</subfield></datafield><datafield tag="940" ind1=" " ind2=" "><subfield code="5">315555245:23754929801</subfield><subfield code="a">20050728</subfield><subfield code="b">rF</subfield></datafield><datafield tag="941" ind1=" " ind2=" "><subfield code="5">315555245:23754929801</subfield><subfield code="a">20050728</subfield><subfield code="b">12:42:09.000</subfield></datafield></record>