<record><leader>     cas0 22        450 </leader><controlfield tag="001">039790231</controlfield><controlfield tag="002">4,12,15,19,22,25,35,42,45,50,63,67,72,83,90,102,105,175,178,200,201,203,204,205,206,209,215,220,222,223,227,228,229,230,232,233,408,414,427,428</controlfield><controlfield tag="003">https://www.sudoc.fr/039790231</controlfield><controlfield tag="004">19851025</controlfield><controlfield tag="005">20220518172153.000</controlfield><controlfield tag="006">9999</controlfield><controlfield tag="007">751165107</controlfield><controlfield tag="008">Abx3</controlfield><datafield tag="011" ind1="#" ind2="#"><subfield code="a">0769-3710</subfield><subfield code="f">0769-3710</subfield></datafield><datafield tag="033" ind1="#" ind2="#"><subfield code="a">https://catalogue.bnf.fr/ark:/12148/cb343968061</subfield><subfield code="2">BNF</subfield><subfield code="d">20191219</subfield></datafield><datafield tag="033" ind1="#" ind2="#"><subfield code="a">https://reseau-mirabel.info/revue/titre-id/3899</subfield><subfield code="2">Mir@bel</subfield><subfield code="d">20200710</subfield></datafield><datafield tag="034" ind1=" " ind2=" "><subfield code="a">OCoLC</subfield><subfield code="0">477784744</subfield></datafield><datafield tag="035" ind1="#" ind2="#"><subfield code="a">ccn0769-3710</subfield></datafield><datafield tag="035" ind1="#" ind2="#"><subfield code="a">MIR_3899</subfield></datafield><datafield tag="035" ind1="#" ind2="#"><subfield code="a">issn07693710</subfield></datafield><datafield tag="035" ind1="#" ind2="#"><subfield code="1">105</subfield><subfield code="a">38707</subfield></datafield><datafield tag="100" ind1="#" ind2="#"><subfield code="a">19851025a19859999u  y0frey50      ba</subfield><subfield code="Y">0#</subfield><subfield code="A">1985</subfield><subfield code="D">1985-...</subfield></datafield><datafield tag="101" ind1="0" ind2="#"><subfield code="a">fre</subfield><subfield code="2">639-2</subfield></datafield><datafield tag="102" ind1="#" ind2="#"><subfield code="a">FR</subfield></datafield><datafield tag="104" ind1="#" ind2="#"><subfield code="a">u</subfield><subfield code="b">y</subfield><subfield code="c">y</subfield><subfield code="d">ba</subfield><subfield code="e">0</subfield><subfield code="f">fre</subfield></datafield><datafield tag="106" ind1="#" ind2="#"><subfield code="a">r</subfield></datafield><datafield tag="110" ind1="#" ind2="#"><subfield code="a">afu||||@uu|</subfield></datafield><datafield tag="181" ind1="#" ind2="#"><subfield code="6">z01</subfield><subfield code="c">txt</subfield><subfield code="2">rdacontent</subfield></datafield><datafield tag="181" ind1="#" ind2="1"><subfield code="6">z01</subfield><subfield code="a">i#</subfield><subfield code="b">xxxe##</subfield></datafield><datafield tag="182" ind1="#" ind2="#"><subfield code="6">z01</subfield><subfield code="c">n</subfield><subfield code="2">rdamedia</subfield></datafield><datafield tag="182" ind1="#" ind2="1"><subfield code="6">z01</subfield><subfield code="a">n</subfield></datafield><datafield tag="183" ind1="#" ind2="#"><subfield code="6">z01</subfield><subfield code="a">nga</subfield><subfield code="2">RDAfrCarrier</subfield></datafield><datafield tag="200" ind1="1" ind2="#"><subfield code="a">Intramuros</subfield></datafield><datafield tag="207" ind1="#" ind2="0"><subfield code="a">No.1(1985,sep)-</subfield></datafield><datafield tag="210" ind1="#" ind2="#"><subfield code="a">Paris</subfield><subfield code="c">Intramuros</subfield><subfield code="d">1985-</subfield></datafield><datafield tag="316" ind1="#" ind2="#"><subfield code="5">674825119:566331977</subfield><subfield code="a">HEARNUM_3_95628</subfield></datafield><datafield tag="319" ind1="#" ind2="#"><subfield code="5">330635107:415095247</subfield><subfield code="a">Les collections sont inaccesibles jusqu&apos;en 2026 en raison de travaux</subfield></datafield><datafield tag="319" ind1="#" ind2="#"><subfield code="5">130555109:196728037</subfield><subfield code="a">Les numéros avant 1990 sont consultables sur place</subfield></datafield><datafield tag="326" ind1="#" ind2="#"><subfield code="a">Mensuel</subfield></datafield><datafield tag="326" ind1="#" ind2="#"><subfield code="a">Bimestriel</subfield></datafield><datafield tag="421" ind1="#" ind2="#"><subfield code="0">045086109</subfield><subfield code="t">Intramuros. Hors-série</subfield><subfield code="x">1293-3929</subfield></datafield><datafield tag="530" ind1="1" ind2="#"><subfield code="a">Intramuros</subfield><subfield code="b">(Paris)</subfield></datafield><datafield tag="531" ind1="#" ind2="#"><subfield code="a">Intramuros</subfield><subfield code="b">(Paris)</subfield></datafield><datafield tag="606" ind1="#" ind2="#"><subfield code="3">027784878</subfield><subfield code="a">Design</subfield><subfield code="2">rameau</subfield></datafield><datafield tag="606" ind1="#" ind2="#"><subfield code="3">160694876</subfield><subfield code="a">Architecture</subfield><subfield code="z">21e siècle</subfield><subfield code="2">rameau</subfield></datafield><datafield tag="606" ind1="#" ind2="#"><subfield code="1">178</subfield><subfield code="a">Architecture</subfield><subfield code="2">CAPA</subfield></datafield><datafield tag="608" ind1="#" ind2="#"><subfield code="3">02724640X</subfield><subfield code="a">Périodique</subfield><subfield code="2">rameau</subfield></datafield><datafield tag="675" ind1="#" ind2="#"><subfield code="a">645</subfield></datafield><datafield tag="676" ind1="#" ind2="#"><subfield code="a">745.2/05</subfield></datafield><datafield tag="676" ind1="#" ind2="#"><subfield code="a">745.4</subfield></datafield><datafield tag="801" ind1="#" ind2="3"><subfield code="a">FR</subfield><subfield code="b">Abes</subfield><subfield code="c">20220518</subfield><subfield code="g">AFNOR</subfield></datafield><datafield tag="801" ind1="#" ind2="3"><subfield code="a">FR</subfield><subfield code="b">ISSN</subfield><subfield code="c">20120813</subfield></datafield><datafield tag="801" ind1="#" ind2="3"><subfield code="a">FR</subfield><subfield code="b">ISSN</subfield><subfield code="c">20210901</subfield></datafield><datafield tag="802" ind1="#" ind2="#"><subfield code="a">07</subfield></datafield><datafield tag="930" ind1="#" ind2="#"><subfield code="5">315555245:22550553301</subfield><subfield code="b">315555245</subfield><subfield code="j">f</subfield></datafield><datafield tag="955" ind1="4" ind2="1"><subfield code="5">315555245:22550553301</subfield><subfield code="b">78</subfield><subfield code="i">1998</subfield></datafield><datafield tag="955" ind1="4" ind2="1"><subfield code="5">315555245:22550553301</subfield><subfield code="b">89</subfield><subfield code="i">2000</subfield><subfield code="b">92</subfield><subfield code="i">2000</subfield></datafield><datafield tag="955" ind1="4" ind2="1"><subfield code="5">315555245:22550553301</subfield><subfield code="b">93</subfield><subfield code="i">2001</subfield><subfield code="i"/><subfield code="j"/><subfield code="k"/><subfield code="a"/><subfield code="b"/><subfield code="c"/><subfield code="r">no. 78 (1998) ; no. 89 (2000) - no. 92  (2000) ; no. 93 (2001)-....</subfield></datafield><datafield tag="940" ind1=" " ind2=" "><subfield code="5">315555245:22550553301</subfield><subfield code="a">20050322</subfield><subfield code="b">xO</subfield></datafield><datafield tag="941" ind1=" " ind2=" "><subfield code="5">315555245:22550553301</subfield><subfield code="a">20050322</subfield><subfield code="b">18:00:23.000</subfield></datafield></record>