<record><leader>     cas0 22        450 </leader><controlfield tag="001">039932397</controlfield><controlfield tag="002">4,8,16,18,29,35,45,50,63,74,88,90,126,130,201,203,209,210,215,220,222,223,226,228,229,230,232,233,408,414,418,427</controlfield><controlfield tag="003">https://www.sudoc.fr/039932397</controlfield><controlfield tag="004">19910515</controlfield><controlfield tag="005">20241011144843.000</controlfield><controlfield tag="006">9999</controlfield><controlfield tag="007">751045204</controlfield><controlfield tag="008">Abx3</controlfield><datafield tag="011" ind1="#" ind2="#"><subfield code="a">1157-4127</subfield><subfield code="f">1157-4127</subfield></datafield><datafield tag="033" ind1="#" ind2="#"><subfield code="a">https://catalogue.bnf.fr/ark:/12148/cb34440421h</subfield><subfield code="2">BNF</subfield><subfield code="d">20191219</subfield></datafield><datafield tag="034" ind1=" " ind2=" "><subfield code="a">OCoLC</subfield><subfield code="0">475793629</subfield></datafield><datafield tag="035" ind1=" " ind2=" "><subfield code="a">070872538</subfield><subfield code="9">sudoc</subfield></datafield><datafield tag="035" ind1="#" ind2="#"><subfield code="a">ccn1157-4127</subfield></datafield><datafield tag="035" ind1="#" ind2="#"><subfield code="a">issn11574127</subfield></datafield><datafield tag="035" ind1="#" ind2="#"><subfield code="1">74</subfield><subfield code="a">ALP288504</subfield></datafield><datafield tag="035" ind1="#" ind2="#"><subfield code="1">418</subfield><subfield code="a">35196</subfield></datafield><datafield tag="100" ind1="#" ind2="#"><subfield code="a">19910515b19912002u  y0frey50      ba</subfield><subfield code="Y">0#</subfield><subfield code="A">1991</subfield><subfield code="B">2002</subfield></datafield><datafield tag="101" ind1="0" ind2="#"><subfield code="a">mul</subfield><subfield code="c">fre</subfield><subfield code="c">eng</subfield><subfield code="2">639-2</subfield></datafield><datafield tag="102" ind1="#" ind2="#"><subfield code="a">FR</subfield></datafield><datafield tag="104" ind1="#" ind2="#"><subfield code="a">u</subfield><subfield code="b">y</subfield><subfield code="c">y</subfield><subfield code="d">ba</subfield><subfield code="e">0</subfield><subfield code="f">fre</subfield></datafield><datafield tag="106" ind1="#" ind2="#"><subfield code="a">r</subfield></datafield><datafield tag="110" ind1="#" ind2="#"><subfield code="a">ahu||||@uu|</subfield></datafield><datafield tag="181" ind1="#" ind2="#"><subfield code="6">z01</subfield><subfield code="c">txt</subfield><subfield code="2">rdacontent</subfield></datafield><datafield tag="181" ind1="#" ind2="#"><subfield code="6">z02</subfield><subfield code="c">sti</subfield><subfield code="2">rdacontent</subfield></datafield><datafield tag="181" ind1="#" ind2="1"><subfield code="6">z01</subfield><subfield code="a">i#</subfield><subfield code="b">xxxe##</subfield></datafield><datafield tag="181" ind1="#" ind2="1"><subfield code="6">z02</subfield><subfield code="a">b#</subfield><subfield code="b">xb2e##</subfield></datafield><datafield tag="182" ind1="#" ind2="#"><subfield code="6">z01</subfield><subfield code="6">z02</subfield><subfield code="c">n</subfield><subfield code="2">rdamedia</subfield></datafield><datafield tag="182" ind1="#" ind2="1"><subfield code="6">z01</subfield><subfield code="6">z02</subfield><subfield code="a">n</subfield></datafield><datafield tag="183" ind1="#" ind2="#"><subfield code="6">z01</subfield><subfield code="6">z02</subfield><subfield code="a">nga</subfield><subfield code="2">RDAfrCarrier</subfield></datafield><datafield tag="200" ind1="1" ind2="#"><subfield code="a">Revue Noire</subfield><subfield code="e">African contemporary art</subfield><subfield code="d">= Art contemporain africain</subfield><subfield code="f">fondateurs Jean-Loup Pivin, Simon Njami, Pascal Martin Saint Leon, Bruno Tilliette</subfield><subfield code="z">eng</subfield></datafield><datafield tag="207" ind1="#" ind2="0"><subfield code="a">No.1(1991,printemps)-no. 36(2002)</subfield></datafield><datafield tag="214" ind1="#" ind2="0"><subfield code="a">Paris</subfield><subfield code="c">Editions Bleu outremer</subfield><subfield code="d">1991-2002</subfield></datafield><datafield tag="215" ind1="#" ind2="#"><subfield code="c">ill.</subfield><subfield code="d">33 cm</subfield></datafield><datafield tag="305" ind1="#" ind2="#"><subfield code="a">Publication suspendue au n.33/34 du 2ème semest. 1999 et reprise avec le n.35 (2002) ; les anciens numéros paraissent regroupés sous forme d&apos;&quot;Anthologie du magazine Revue noire&quot;</subfield></datafield><datafield tag="306" ind1="#" ind2="#"><subfield code="a">Nouvelle adresse bibliographique : Editions Revue Noire : Paris,[ca 1995)]-</subfield></datafield><datafield tag="311" ind1="#" ind2="#"><subfield code="a">Première publication</subfield></datafield><datafield tag="319" ind1="#" ind2="#"><subfield code="5">751062312:223321494</subfield><subfield code="a">Reproductible</subfield></datafield><datafield tag="326" ind1="#" ind2="#"><subfield code="a">Trimestriel</subfield></datafield><datafield tag="421" ind1="#" ind2="#"><subfield code="t">Aquarela do Brasil</subfield></datafield><datafield tag="421" ind1="#" ind2="#"><subfield code="t">Mama Africa</subfield></datafield><datafield tag="488" ind1="#" ind2="#"><subfield code="0">089712838</subfield><subfield code="t">Revue noire literature collection</subfield><subfield code="x">1159-7372</subfield></datafield><datafield tag="530" ind1="1" ind2="#"><subfield code="a">Revue noire</subfield><subfield code="b">(Paris)</subfield></datafield><datafield tag="531" ind1="#" ind2="#"><subfield code="a">Rev. noire</subfield><subfield code="b">(Paris)</subfield></datafield><datafield tag="606" ind1="#" ind2="#"><subfield code="3">027269418</subfield><subfield code="a">Art</subfield><subfield code="z">20e siècle</subfield><subfield code="2">rameau</subfield></datafield><datafield tag="606" ind1="#" ind2="#"><subfield code="3">027269302</subfield><subfield code="a">Art</subfield><subfield code="3">050665391</subfield><subfield code="z">2000-....</subfield><subfield code="2">rameau</subfield></datafield><datafield tag="607" ind1="#" ind2="#"><subfield code="3">027218546</subfield><subfield code="a">Afrique</subfield><subfield code="3">027966216</subfield><subfield code="x">Dans l&apos;art</subfield><subfield code="2">rameau</subfield></datafield><datafield tag="608" ind1="#" ind2="#"><subfield code="3">02724640X</subfield><subfield code="a">Périodiques</subfield><subfield code="2">rameau</subfield></datafield><datafield tag="675" ind1="#" ind2="#"><subfield code="a">008(=96)</subfield></datafield><datafield tag="675" ind1="#" ind2="#"><subfield code="a">7.036(6)</subfield></datafield><datafield tag="676" ind1="#" ind2="#"><subfield code="a">700.899 6</subfield></datafield><datafield tag="676" ind1="#" ind2="#"><subfield code="a">709.04</subfield></datafield><datafield tag="676" ind1="#" ind2="#"><subfield code="a">709.609 04</subfield></datafield><datafield tag="676" ind1="#" ind2="#"><subfield code="a">909.049 6</subfield></datafield><datafield tag="680" ind1="#" ind2="#"><subfield code="a">NX588.75</subfield></datafield><datafield tag="700" ind1="#" ind2="1"><subfield code="3">032201524</subfield><subfield code="a">Pivin</subfield><subfield code="b">Jean-Loup</subfield><subfield code="f">1951-....</subfield><subfield code="4">651</subfield></datafield><datafield tag="701" ind1="#" ind2="1"><subfield code="3">029293138</subfield><subfield code="a">Njami</subfield><subfield code="b">Simon</subfield><subfield code="f">1962-....</subfield><subfield code="4">070</subfield></datafield><datafield tag="701" ind1="#" ind2="1"><subfield code="3">032201532</subfield><subfield code="a">Martin Saint-Léon</subfield><subfield code="b">Pascal</subfield><subfield code="4">070</subfield></datafield><datafield tag="701" ind1="#" ind2="1"><subfield code="3">027163539</subfield><subfield code="a">Tilliette</subfield><subfield code="b">Bruno</subfield><subfield code="f">1951-....</subfield><subfield code="4">070</subfield></datafield><datafield tag="801" ind1="#" ind2="3"><subfield code="a">FR</subfield><subfield code="b">ISSN</subfield><subfield code="c">20210901</subfield></datafield><datafield tag="802" ind1="#" ind2="#"><subfield code="a">07</subfield></datafield><datafield tag="830" ind1="#" ind2="#"><subfield code="a">Réforme Rameau Genre-Forme retro périos (ne pas supprimer)</subfield></datafield><datafield tag="930" ind1="#" ind2="#"><subfield code="5">315555245:23738613501</subfield><subfield code="b">315555245</subfield><subfield code="j">f</subfield></datafield><datafield tag="955" ind1="4" ind2="1"><subfield code="5">315555245:23738613501</subfield><subfield code="a">1</subfield><subfield code="b">1</subfield><subfield code="i">1991</subfield><subfield code="a">1</subfield><subfield code="b">5</subfield><subfield code="i">1992</subfield></datafield><datafield tag="955" ind1="4" ind2="1"><subfield code="5">315555245:23738613501</subfield><subfield code="b">7</subfield><subfield code="i">1993</subfield></datafield><datafield tag="955" ind1="4" ind2="1"><subfield code="5">315555245:23738613501</subfield><subfield code="b">16</subfield><subfield code="i">1995</subfield></datafield><datafield tag="955" ind1="4" ind2="1"><subfield code="5">315555245:23738613501</subfield><subfield code="b">25</subfield><subfield code="i">1997</subfield></datafield><datafield tag="955" ind1="4" ind2="1"><subfield code="5">315555245:23738613501</subfield><subfield code="b">28</subfield><subfield code="i">1998</subfield><subfield code="b">34</subfield><subfield code="i">1999</subfield><subfield code="r">vol. 1 no. 1 (1991) - vol. 1  no. 5  (1992) ; no. 7 (1993) ; no. 16 (1995) ; no. 25 (1997) ; no. 28 (1998) - no. 34  (1999)</subfield></datafield><datafield tag="940" ind1=" " ind2=" "><subfield code="5">315555245:23738613501</subfield><subfield code="a">20050726</subfield><subfield code="b">rF</subfield></datafield><datafield tag="941" ind1=" " ind2=" "><subfield code="5">315555245:23738613501</subfield><subfield code="a">20050726</subfield><subfield code="b">10:45:32.000</subfield></datafield></record>
</catalogue>